2790 4566
515 301 521 307 ¹
586 315 847 379 *llo—-
912 323 1047 346 '¹‘

99 482 104 489 '
165 437 169 442 Ι
240 483 369 554 terprete
389 479 489 536 861616
503 479 640 553 Oppidio.
675 481 812 541 Fortasse
832 477 948 537 Servius
969 481 1051 538 111661·
1071 443 1273 559 6116666661ι

123 605 137 616 -
239 577 339 630 salim
362 573 544 628 'scriberetur
567 585 670 627 revera
694 548 824 628 166161166
850 572 927 646 6166,
962 571 1063 628 itat
1030 574 1063 628 ut
1087 577 1235 650 Agrippae

240 663 348 720 mentio
367 678 427 718 non
445 665 621 736 repugnaret
608 648 803 719 tuerisimilit
803 661 893 718 udini.

315 752 512 810 Saturnalibus
533 753 623 809 satira
641 755 717 810 lacta
737 755 793 809 666
801 748 845 834 (6.
866 747 921 832 5.,)
942 757 971 810 66
983 751 1129 828 quidem
1120 774 1152 814 m
1166 727 1236 815 uilla

240 839 283 926 (v.
305 845 330 901 5.
352 846 382 900 61
401 845 445 901 10
447 837 474 923 ),
495 859 569 916 quae
588 841 670 916 111661
690 847 757 900 ante
776 847 880 918 poetae
900 861 918 900 a
936 845 1107 903 Maecenate
1120 849 1200 905 videt
1187 851 1235 906 tur

241 936 315 993 dono
335 935 403 992 data
422 952 496 991 esse.
535 935 606 1007 Ejus
617 935 788 1024 exornatio,
809 934 981 1008 aediumque
1008 934 1168 996 exstructio
1187 941 1234 998 vel

241 1027 362 1097 refectio
383 1028 534 1096 signantur
552 1026 610 1082 nisi
629 1043 674 1081 me
699 1025 773 1082 fallit
791 1043 818 1082 v.
839 1027 921 1083 307·
942 1023 1085 1104 „Accipe
1101 1033 1234 1102 patmum

241 1116 417 1190 6661116616
442 1117 533 1193 quue
552 1135 606 1191 per
617 1117 768 1175 biennium
787 1119 847 1174 6616
868 1117 987 1174 durasse
997 1119 1120 1176 videtur
1159 1122 1235 1179 Nam

240 1213 302 1265 tum
322 1209 447 1284 demum,
468 1226 533 1265 cum
553 1209 682 1266 aedificia
703 1211 878 1265 sartatecta
897 1211 1164 1293 essent,soripsit
1173 1213 1234 1269 l-lo·

239 1301 331 1356 ratius
358 1301 476 1355 satiram
500 1300 538 1356 11.
559 1298 692 1375 6.,,1166
711 1302 830 1358 616616
848 1303 931 1358 66116
934 1299 957 1333 “
970 1301 1152 1358 -·.Masson
1179 1303 1231 1360 616.

128 1387 134 1393 ’
182 1377 188 1394 “
239 1407 267 1464 p
289 1389 680 1467 133—135.,Wieland.‚
707 1390 857 1447 Heindorf
882 1407 911 1464 p.
932 1391 1005 1467 278.,
1025 1393 1167 1450 Vanderb.
1194 1395 1232 1450 ad

239 1482 285 1538 cd.
307 1482 335 1558 2,
354 1482 382 1537 6.
404 1481 526 1538 eandem
546 1499 632 1554 quam
658 1435 712 1552 e'go
732 1483 946 1556 proposuerunt
965 1434 1102 1556 temporis
1125 1484 1232 1542 descri-

122 1631 126 1642 ,
238 1573 377 1646 ptionem.
416 1574 483 1630 Non
502 1573 572 1628 satis
599 1571 657 1628 sibi
676 1572 808 1629 constitit
827 1575 945 1631 Passov.
965 1575 1015 1630 vit.
1036 1592 1065 1649 p.
1083 1575 1151 1632 XII.
1171 1581 1230 1633 not.¹

239 1663 284 1720 28.
306 1665 406 1718 66666
385 1663 465 1720 666
488 1663 604 1720 166.—
621 1663 772 1736 Kirolmer.
787 1667 898 1738 quaest.
918 1681 946 1738 p.
963 1665 1006 1722 16.
1021 1662 1050 1742 ᾖ.
1064 1667 1108 1722 34.
1130 1661 1181 1744 (66
1200 1685 1229 1741 p.

206 1812 209 1816 .
239 1755 284 1811 28.
311 1751 345 1830 §..'
365 1749 428 1835 52.)
455 1756 485 1810 66
517 1755 626 1812 (116666.
659 1771 688 1828 p.
715 1755 778 1812 463.
805 1756 833 1813 b.
867 1757 986 1813 satiram
1012 1773 1037 1813 a.
1069 1757 1132 1815 722
1159 1757 1231 1828 6661·
1281 1744 1291 1751 ”
1390 1773 1391 1834 l

240 1848 432 1924 6166611.

314 2029 476 2088 snm
494 2031 555 2088 lv.
588 2027 702 2110 „Unde
721 2041 750 2093 at
767 2050 827 2111 quo
849 2037 986 2112 cauusf‘
1006 2037 1037 2093 in
1056 2047 1115 2110 qua
1133 2041 1230 2112 poeta,-

110 2139 112 2148 ·
167 2175 173 2194 ,
240 2127 272 2180 66
290 2124 558 2189 Wuellneriuerbis
570 2127 636 2181 utar
655 2119 822 2202 (comment.
838 2128 874 2184 de
887 2128 998 2202 aliquot
1022 2145 1108 2184 carm.
1129 2131 1230 2186 Horat.

238 2214 373 2271 Dusseld.
395 2215 475 2271 1833.
496 2232 525 2289 p.
545 2212 599 2296 4.),
620 2219 843 2287 gastronomiam
869 2209 930 2273 sive
951 2218 1131 2292 disciplinam
1150 2219 1231 2290 pala·

239 2308 334 2360 torum
367 2305 516 2361 subtilium
542 2323 606 2363 cum
630 2308 662 2363 16
687 2309 853 2390 uuiversum
884 2310 946 2365 tum
969 2309 1102 2382 inprimis
1137 2309 1231 2382 qualis

240 2413 275 2452 ea
292 2395 341 2452 illo
360 2397 489 2470 tempore
508 2397 616 2455 Romae
642 2403 704 2456 erat
729 2400 861 2456 versibus
881 2389 969 2456 salsis'
991 2416 1025 2458 ac
1039 2390 1146 2457 'facetis
1164 2415 1230 2474 per·
1332 2449 1334 2456 .

240 2485 387 2562 61116111,α
407 2489 503 2544 tamen
516 2492 548 2544 ut
560 2507 611 2546 eos
624 2491 719 2566 simul,
740 2491 790 2564 qui
801 2490 974 2548 libidinosae
990 2491 1068 2548 61666
1087 2490 1231 2547 illecebris

121 2589 123 2592 ·
240 2574 352 2634 deliniti
370 2579 489 2652 Epicuri
506 2597 613 2637 nomen
631 2582 760 2638 moribus
780 2583 841 2638 suis
859 2581 1094 2659 praetenderent,
1114 2577 1230 2656 oblique

238 2671 370 2738 tangeret
396 2672 426 2724 et
446 2670 591 2728 derideret
616 2666 660 2749 (1.
680 2670 754 2754 95.),
773 2705 812 2716 -
833 2691 892 2746 per
910 2691 939 2732 o.
965 2675 1043 2732 792.
1070 2677 1230 2747 composita

239 2759 444 2817 666661116661.
485 2762 665 2835 Quamquam
683 2779 721 2818 ne
741 2768 856 2835 egomet
880 2765 945 2840 i'pse
972 2765 1089 2839 quidem
1107 2767 1138 2821 in
1157 2765 1230 2820 hanc

238 2851 479 2924 computationem
499 2853 666 2924 juraverim.
710 2855 821 2912 Nititur
850 2858 928 2912 enim
959 2873 994 2912 66
1023 2858 1135 2912 tantum
1160 2871 1229 2912 con-

111 2961 115 2968 ’
232 2941 355 3018 jectura,
376 2959 461 3016 quam
481 2943 516 2998 de
536 2945 705 3000 Sermonum
731 2945 913 3001 ordinatione
939 2945 1055 3016 saepius
1079 2945 1228 3018 proposui.
1295 3003 1296 3006 ,

111 3095 122 3118 ,
158 3045 182 3096 J
236 3033 317 3088 Idem
335 3037 433 3089 tamen
451 3033 559 3105 placuit
579 3033 756 3089 Grotefendo
781 3051 809 3106 p.
831 3036 894 3091 465.
914 3035 954 3110 b.‚
981 3035 1028 3090 661
1052 3035 1084 3091 16
1103 3052 1138 3092 66
1157 3053 1229 3109 quo·

212 3184 216 3194 ,
238 3132 293 3196 quc
313 3123 470 3197 6666116161,
490 3123 568 3194 quod
586 3123 623 3178 ab
642 3122 763 3177 Horatio
784 3125 836 3180 sub
861 3126 937 3209 Catii
961 3139 1087 3198 persona
1109 3127 1230 3186 Gallum

236 3216 401 3274 Insubrum
419 3215 603 3286 Epicureum
622 3213 802 3270 intellectum
827 3233 892 3273 6666
913 3216 995 3272 dixit.
1034 3218 1109 3276 Nam
1133 3219 1229 3292 philo-

237 3307 360 3381 sophum
384 3295 449 3362 6666
475 3305 589 3364 Catium
614 3305 834 3384 librationum,
859 3308 1043 3380 ingeniosum
1062 3313 1092 3366 et
1111 3309 1227 3366 doctum
1296 3323 1300 3330 ’

172 3453 175 3456 ,
237 3393 281 3478 (6.
301 3399 327 3454 7.
348 3393 426 3476 88.,)
453 3397 528 3453 61616
559 3399 680 3471 apparet
706 3413 722 3452 e
747 3416 823 3456 vers.
854 3401 928 3457 1-
946 3401 972 3456 9.
1012 3401 1073 3456 Ν66
1097 3401 1227 3471 prolecto

237 3503 275 3542 ex
292 3503 367 3568 6666
387 3489 519 3544 hausisse
539 3489 716 3546 Scholiastae
741 3491 864 3562 putandi
884 3493 966 3566 sunt,
987 3490 1036 3562 qui
1057 3490 1169 3546 Catium
1188 3519 1227 3538 --

237 3575 284 3633 661
302 3577 334 3632 16
351 3593 410 3633 666
430 3569 537 3634 66116116
549 3582 650 3637 Murci
661 3595 837 3653 praenomen
850 3580 987 3636 tribuitur
997 3606 1036 3624 -υ
1050 3579 1232 3652 Epicureum

236 3667 326 3724 luisse
351 3669 381 3723 et
398 3673 542 3741 quattuor
553 3671 651 3727 116166
671 3673 707 3726 de
727 3683 832 3728 16111111
856 3663 972 3728 nutura
997 3676 1027 3728 et
1052 3675 1226 3732 desummo

174 3817 176 3822 ,
237 3761 314 3818 bono
339 3757 489 3833 scripsisse
514 3759 639 3816 tradunt.
677 3761 718 3816 At
719 3761 768 3833 qui
792 3763 908 3833 praeter
934 3736 996 3820 661
988 3779 1048 3820 mm
1072 3763 1225 3821 Insubrum

236 3851 419 3945 Epicureum,
438 3851 519 3924 cujus
537 3867 676 3927 nuperum
687 3854 808 3909 mortem
828 3852 955 3912 Cicero'
946 3870 991 3911 16
997 3855 1081 3930 epist
1102 3854 1139 3911 ad
1156 3857 1223 3914 iam.

1322 4057 1391 4266 1
