2790 4566
570 291 807 360 -iffi-.

182 461 219 516 ut
234 457 271 516 de
289 458 405 517 aedium
423 457 620 518 exstructione
639 459 759 535 cogites,
778 461 840 516 tum
851 456 929 534 quod
948 475 997 516 eas
1012 456 1074 530 jam
1092 475 1168 517 611116

182 549 284 608 iasa
301 551 470 610 Maecenate
489 551 634 609 habitatas
654 567 719 608 6666
738 552 859 627 constat,
877 553 954 608 toste
969 552 1070 610 Horat.
1085 552 1168 627 epod.

181 641 217 718 9,
243 641 258 698 1
280 657 322 717 sq.
348 645 379 700 et
397 644 456 700 Sat
482 642 517 720 2,
542 643 569 700 6.
595 642 632 698 32
658 659 700 718 sq.
744 641 816 698 Inde
846 643 1028 701 manifestum
1057 646 1103 700 est
1132 659 1170 700 ex

181 732 332 807 utriusque
367 735 425 792 ioci
462 735 674 808 comparatione
710 749 892 808 nequaquam
921 751 1009 808 posse
1039 733 1171 792 caussam

181 823 265 901 elici,
285 839 343 898 qua
361 828 510 899 permotus
524 827 653 888 .Sutiram
673 826 708 902 1,
720 825 747 882 8.
766 826 898 907 proxime
918 827 985 882 aute
1004 826 1123 902 sata,
1142 825 1169 882 3.

180 919 332 974 cremam
356 916 444 974 111666.
482 917 574 975 immo
599 933 664 974 cum
688 916 880 991 complanatio
905 919 942 992 Ι61
972 916 1091 974 siccatio
1114 916 1173 973 loci

181 1007 243 1064 tam
261 1007 405 1084 paludosi,
425 1011 458 1064 ut
475 1024 526 1066 aer
544 1025 659 1066 crassus
678 1011 709 1066 et
727 1011 878 1066 concretus
889 1008 1033 1066 vicinitati
1043 1007 1172 1082 noceret,

181 1095 368 1156 hauddubie
385 1099 511 1174 plurium
529 1116 670 1159 annorum
692 1099 822 1168 laborem
839 1100 1009 1176 postularet,
1029 1098 1174 1158 absoluta·

181 1203 240 1261 que
260 1188 380 1246 deberet
398 1207 480 1268 esse,
505 1182 662 1266 antequam
683 1207 824 1268 novarum
848 1191 965 1250 aedium
988 1191 1176 1248 tundamenta

177 1279 360 1350 jacerentur:
379 1285 462 1357 patet
480 1299 546 1342 cum
564 1285 801 1361 aedificationem,
821 1299 895 1358 qnae
914 1301 941 1341 a.
962 1281 1026 1340 723.
1040 1282 1176 1353 adfinem
1270 1331 1271 1334 ,
1348 1300 1350 1304 ’

182 1371 322 1444 perducta
352 1378 446 1451 esset,
484 1376 547 1432 tum
576 1377 669 1448 magis
701 1376 790 1434 etiam
821 1376 971 1433 hortorum
1003 1377 1176 1432 conaturam

182 1463 273 1530 multo
301 1467 369 1523 61116
397 1483 424 1524 6.
449 1467 516 1524 723.
543 1467 691 1542 inceptam
716 1468 816 1525 fuisse.
841 1458 954 1526 *Satira
977 1469 1075 1524 autam
1095 1466 1128 1544 l,
1148 1465 1174 1522 8.

185 1552 294 1630 scripta
322 1559 368 1613 est
395 1559 551 1631 antequam
576 1559 732 1632 sepulcreti
756 1559 948 1632 comploratio
974 1558 1107 1615 absoluta
1131 1573 1177 1614 es·

184 1646 584 1724 set,idquodpractervs.
606 1649 1177 1706 1526.6136.111661661616611116611-

149 1773 152 1781 1
184 1741 278 1796 strant
295 1756 339 1797 vs.
366 1740 400 1797 17
428 1755 488 1816 sq.‚
516 1739 595 1798 unde
624 1739 698 1797 adeo
725 1740 874 1798 recentem
901 1739 1008 1796 montis
1038 1739 1178 1796 culturam

183 1801 275 1886 luisse
293 1833 431 1906 apparet,
456 1832 491 1886 ut
507 1846 545 1887 ne
563 1833 642 1886 fures
662 1830 780 1904 qnidam
798 1833 934 1904 feraeque
958 1829 1065 1888 locum
1062 1845 1179 1886 vexare
1277 1904 1279 1912 .

184 1919 353 1978 desaevisse
373 1921 515 1979 6166111111.
555 1922 621 1989 Qua
640 1921 676 1978 de
701 1938 734 1980 ra
754 1922 882 1980 dubitari
904 1921 1008 1996 nequit
1033 1920 1103 1995 quin
1127 1935 1178 1978 an-

182 2025 254 2068 num
272 2029 301 2070 u.
321 2029 346 2070 c.
366 2012 432 2070 720.
451 2014 542 2070 multo
561 2013 760 2070 antecesserit
792 2014 891 2072 Debet
908 2015 1006 2071 autam
1025 2015 1094 2087 post
1111 2029 1184 2086 ann.

144 2147 149 2154 .
182 2103 249 2160 717.
269 2104 430 2179 composita
445 2121 522 2162 esse.
559 2104 634 2165 Vide
653 2104 742 2176 igitur
760 2121 798 2161 116
817 2103 1008 2162 6611616716.
1027 2087 1195 2165 verissim&

185 2194 214 2251 ei
231 2195 440 2268 assignaverim
457 2197 594 2254 natalem.
612 2231 651 2240 -
670 2197 827 2254 Weichert.
848 2196 885 2254 de
904 2198 971 2255 Van.
998 2197 1128 2255 ctcass.
1148 2212 1177 2271 p.

185 2285 231 2343 18.
250 2303 277 2344 6.
297 2288 448 2365 iisqne,
468 2290 580 2346 Grotel.
600 2305 629 2362 p.
650 2288 753 2352 leoli.
774 2303 840 2346 ann.
861 2288 926 2345 715.
953 2304 1018 2345 eam
1042 2289 1180 2364 scriptam

185 2377 252 2436 6166
270 2381 429 2440 autumant.
450 2381 486 2438 ci.
504 2379 623 2438 Kirchn
644 2383 755 2454 quaest.
775 2397 804 2454 p.
824 2381 870 2438 27.
891 2377 921 2456 ξ.
940 2380 986 2436 56.

262 2560 454 2622 sarm
472 2559 536 2618 lx.
568 2563 683 2638 „Ibom
698 2559 779 2634 forte
794 2559 874 2622 616(
894 2563 1003 2636 scripta
1028 2564 1090 2638 est,
1116 2577 1181 2620 cum

186 2651 325 2712 Horatius
340 2653 403 2722 iam
419 2646 464 2709 ita
480 2653 514 2719 in
532 2655 627 2725 gratia
643 2654 823 2713 Maecenatis
844 2657 938 2731 esset,
958 2656 992 2712 ut
1009 2668 1077 2714 uon
1089 2653 1182 2710 solum

186 2744 221 2801 in
239 2741 303 2800 dies
321 2742 444 2800 aliorum
462 2743 624 2800 invidentia
643 2749 831 2822 accresceret,
850 2761 953 2804 verum
971 2745 1060 2802 etiam
1072 2749 1182 2821 essent,
1280 2733 1283 2743 ’

187 2835 240 2910 qui
258 2833 321 2906 6166
340 2833 513 2892 auctoritate
533 2837 564 2890 et
581 2835 790 2893 intercessione
816 2852 848 2892 66
872 2835 916 2892 1111
941 2835 1081 2893 traditum
1105 2849 1182 2893 com·

187 2927 414 3000 mandatumque
433 2929 573 3000 cuperent
590 2920 643 3002 (v.
656 2927 693 2984 13
712 2921 783 3008 66).
824 2927 897 2985 Cum
914 2926 1005 2998 igitur
1024 2943 1062 2984 ex
1079 2927 1117 2984 iis
1136 2943 1183 2984 sa·
1203 2927 1205 2934 ’

186 3018 253 3078 11116
271 3034 347 3092 quae
365 3017 544 3094 praecedunt
561 3017 641 3076 nulla
659 3021 719 3076 tam
732 3021 825 3076 artam
842 3019 1021 3078 Maecenatis
1041 3021 1072 3076 et
1088 3019 1183 3077 Hora·
1297 3097 1299 3103 .

187 3110 224 3168 tii
241 3109 468 3168 familiaritatem
485 3109 591 3184 prodat
608 3125 697 3184 quam
714 3112 797 3188 baec,
815 3110 915 3168 nescio
934 3127 973 3168 an
990 3127 1101 3168 summo
1116 3110 1183 3182 jure

188 3201 227 3258 iis
255 3200 391 3260 omnibus
418 3203 564 3274 posterior
591 3219 656 3259 esse
685 3203 807 3260 dicatur.
844 3203 907 3262 Nec
935 3203 1084 3262 abutimur
1111 3204 1183 3276 puto
1214 3232 1219 3238 -

129 3335 132 3343 .
187 3291 379 3350 divinationis
403 3290 585 3370 adjumento,
611 3294 722 3351 sicam
739 3294 817 3360 intra
835 3293 1071 3372 praecedentium
1090 3293 1120 3348 61
1139 3309 1184 3348 66-

90 3449 92 3454 ,
190 3384 306 3459 quentis
331 3386 464 3458 tempora
488 3385 629 3442 inclusam
654 3401 738 3446 6666
755 3383 822 3457 fere
839 3403 869 3445 6.
889 3403 915 3444 6.
936 3386 1013 3444 719.
1032 3386 1184 3454 6661616111

189 3493 255 3536 earo
280 3474 497 3552 contendimus,
529 3478 560 3534 et
587 3491 676 3534 verno
705 3477 824 3552 quidem
851 3480 982 3551 tempore
1010 3471 1054 3558 (v.
1081 3477 1127 3532 70.
1148 3477 1183 3534 61.

188 3569 276 3626 Jahn
295 3567 342 3625 ed
361 3583 391 3642 p.
411 3561 502 3648 2511).
536 3567 623 3625 'Idem
653 3568 764 3642 placuit
794 3569 963 3626 Weicherto
996 3567 1032 3626 da
1060 3569 1126 3627 Var.
1154 3570 1185 3624 ct

192 3659 273 3718 Cass.
292 3676 322 3732 p.
342 3660 387 3716 17.
407 3663 484 3734 poet.
504 3659 555 3718 rel
575 3676 604 3734 p.
625 3660 688 3718 151.
709 3663 740 3717 61
758 3675 788 3735 p.
799 3661 874 3738 303,
895 3663 982 3735 atque
994 3659 1111 3719 Passov.
1131 3658 1182 3717 vit.

190 3753 253 3809 not.
274 3743 530 3810 1666-111161111.
551 3751 611 3809 tao.
630 3753 689 3810 chr.
709 3751 773 3812 720.
