2790 4566
586 265 722 334 ..137
744 289 794 316 ·..

197 438 244 492 tue
269 435 300 490 et
323 429 456 492 hostibus
474 429 645 488 metuendus
669 431 747 488 inter
763 445 818 488 noe
835 429 1019 488 commoreris
1038 421 1126 510 (uoq-⁴
1142 425 1182 486 ad

196 521 275 606 fin.)!
293 555 332 572 -
367 523 403 582 ln
426 522 473 579 his
496 537 544 578 me
572 519 656 578 vider
687 538 752 578 oum
776 521 982 596 interpretibus
1007 520 1183 596 consentire,

195 613 342 689 nisiquod
352 616 473 672 naturae
483 611 620 687 prodigia¹
633 607 677 692 (v.
691 607 821 690 1-20.)
836 627 895 668 non
911 615 1025 670 iuditio
1042 612 1183 670 bellorum

197 706 325 764 civilium
344 703 396 762 sed
413 707 594 777 supplicium
611 705 758 762 ltmnumie
781 706 887 762 datum
905 700 941 758 ab
960 701 1183 760 Horatioiutel·

196 795 272 854 lette
290 814 355 854 esse
374 797 454 870 puto.
491 795 574 852 Hane
591 793 859 867 interpretationem
883 791 973 850 aelam
998 809 1062 850 esse
1084 807 1184 876 rerum

196 887 322 962 probant
339 904 382 944 vs.
409 887 443 942 17
465 901 524 961 sq.,
549 884 581 940 in
606 883 710 959 quibus
730 883 845 942 Tiberis
869 883 962 940 amnis
980 882 1087 940 dieitur
1103 887 1185 942 ultor

198 978 299 1037 uxoris
318 994 387 1036 suae
405 975 476 1034 Iliae
496 976 558 1034 eive
576 975 675 1032 Rheae
686 975 791 1032 Silviae
802 971 847 1054 ¹),
866 990 941 1048 quae
959 989 1061 1032 ueoem
1080 974 1186 1032 caesa·
1241 1018 1250 1036 1

198 1069 239 1126 ris
265 1067 449 1140 oognetiaesui
471 1065 598 1138 lugebat
641 1065 731 1139 quue
759 1065 850 1139 probe
875 1065 1080 1122 intellexerunt
1097 1065 1185 1122 Sohu-

197 1159 317 1234 liastae,
337 1174 458 1233 quorum
467 1157 570 1216 Aaron
582 1155 620 1213 ad
630 1173 659 1212 v.
674 1157 717 1215 L:
737 1156 790 1232 „G.
812 1155 945 1214 Caesaris
957 1157 1080 1219 mertem
1098 1155 1186 1228 sigui·

197 1250 277 1325 lieet,
297 1264 355 1322 quo
373 1249 405 1306 in
424 1251 527 1306 senatu
537 1247 640 1306 'ooeiso
668 1247 809 1320 plurimae
827 1248 1033 1322 tempestates,
1051 1246 1135 1304 nives
1156 1249 1186 1304 et

159 1397 163 1404 ,
197 1339 351 1412 grandines
370 1341 502 1416 luerunt,
529 1354 585 1414 quo
604 1342 735 1413 tempore
755 1341 785 1395 et
803 1337 990 1396 inundatione
1009 1338 1123 1396 Tiberio
1144 1337 1187 1395 di·

198 1431 273 1489 oitnr
290 1431 383 1488 Roma
399 1431 563 1508 laborasse,
582 1434 665 1506 quod
679 1436 801 1504 propter
816 1427 975 1488 Coerarem
991 1430 1026 1486 tn
1043 1431 1188 1488 honorem

197 1521 329 1597 Araquett
350 1522 505 1597 Caesarie,
523 1525 630 1580 ultoria
648 1520 731 1594 ejue,
756 1523 821 1578 uult
836 1517 954 1590 foetum
970 1523 1074 1578 uidem.
1111 1521 1188 1578 Nem

200 1611 237 1670 de
261 1612 326 1686 ipso
351 1614 381 1667 et
405 1612 483 1682 virg.
504 1605 617 1691 (eclog.
644 1611 678 1685 5,
702 1605 788 1689 20.)=
812 1611 1007 1676 1111ιί11111
1030 1612 1189 1685 Nymphae

199 1706 315 1762 aureli
329 1698 439 1774 froom
450 1703 597 1775 Daphnim
605 1700 731 1777 fiebant,
744 1703 774 1758 et
786 1699 855 1756 alibi
868 1693 991 1779 (Georg.
1007 1700 1033 1775 l,
1046 1701 1102 1756 loo
1111 1695 1187 1782 sq.)=

199 1795 256 1852 ille
280 1797 373 1851 ouum
400 1797 548 1852 eaetlooco
575 1795 737 1854 ablueretur
769 1791 900 1850 caenare
927 1792 1064 1848 Romam.
1108 1793 1188 1850 Haeo
1233 1803 1253 1814 ‘¹

200 1884 279 1940 enim
296 1883 393 1941 omnia
411 1884 431 1940 i.
451 1900 474 1942 e.
496 1883 630 1962 fulmina,
657 1882 846 1958 grandinem,
866 1881 1086 1939 diluviimetum
1104 1882 1189 1938 iutel-

199 1975 279 2052 ligit,
304 1975 373 2047 vult,
389 1977 554 2038 1111111111
580 1973 720 2044 Cameria
744 1973 920 2032 111111-
955 1974 1081 2046 Porplnr
1102 1976 1190 2050 „poet

201 2115 399 2128 m

264 2217 295 2283 1)
311 2219 356 2268 ilia
371 2220 424 2270 rire
439 2219 509 2270 Rhea
525 2221 602 2272 Silvia
618 2222 664 2272 boe
681 2223 774 2271 tautum
790 2221 843 2271 loeo
861 2223 886 2271 et
897 2217 961 2286 apud
979 2218 1104 2268 claudian.
1123 2224 1189 2268 eolre.

200 2285 273 2334 Prob.
290 2287 347 2336 etl.
363 2301 424 2336 uror
440 2287 538 2338 Tiberio
554 2289 666 2352 fingitur,
683 2291 755 2352 vulgo
772 2288 881 2338 Anienis.
915 2287 1007 2338 Acron
1029 2287 1067 2336 ad
1085 2301 1110 2335 v.
1126 2299 1190 2334 uro-

200 2352 252 2400 riue
267 2353 367 2402 eume:
384 2355 514 2413 „direme
531 2356 562 2404 de
578 2357 622 2404 ilie
638 2360 764 2418 poetarum
780 2357 904 2416 opinione·
921 2359 990 2412 ruut3
1006 2367 1061 2402 uam
1076 2353 1122 2402 ilie
1137 2367 1191 2402 ma·
1278 2386 1281 2396 ,

200 2421 240 2467 ter
256 2417 302 2466 fuit
322 2419 430 2477 Romuli,
453 2435 523 2481 quem
546 2435 576 2468 ex
599 2421 679 2469 Marte
702 2421 822 2482 rumpit,
844 2421 907 2482 quae
928 2423 1022 2468 mortua
1044 2421 1138 2482 repulia
1159 2419 1192 2467 ed

200 2485 277 2546 ripam
299 2483 397 2532 Auieuie
420 2483 488 2532 fluvii
512 2486 613 2543 dieitur,
637 2487 677 2547 qui
699 2487 723 2532 iu
746 2485 853 2534 Tiberim
871 2485 936 2533 eadit
953 2489 978 2532 et
995 2486 1051 2547 quia
1067 2485 1191 2533 abundans
1245 2531 1249 2554 ι

201 2551 271 2611 equis
288 2550 348 2599 Anio
366 2552 461 2599 eineres
478 2551 537 2599 llire
553 2552 578 2598 iu
595 2551 704 2600 Tiberim
720 2551 834 2610 deduxit„
856 2551 893 2598 ita
909 2551 975 2598 dieta
993 2554 1030 2598 ert
1046 2551 1091 2598 llia
1107 2549 1192 2599 Tiberi

201 2617 326 2677 oupeirre,
344 2619 370 2664 ot
385 2617 440 2664 ideo
457 2617 519 2665 dixit
535 2619 646 2668 werino
662 2619 763 2676 amulo,
780 2618 820 2680 qui
832 2632 859 2665 re
870 2617 902 2669 ao
914 2619 967 2684 eju·
977 2617 1097 2680 querelam
1112 2618 1193 2680 jecta,

201 2683 240 2728 ret
256 2681 365 2730 ultorem.
398 2682 445 2729 Alii
463 2683 556 2741 dieunt,
575 2683 638 2744 quod
655 2683 708 2745 ipsa
724 2683 769 2732 Ilia
786 2681 871 2732 Anioni
895 2681 1017 2746 nupserit,
1034 2697 1088 2731 uam
1105 2687 1194 2746 poetae

201 2746 269 2796 multi
287 2747 332 2795 hoe
348 2748 463 2795 sentiunt.
498 2748 548 2796 Sed
563 2749 679 2795 Horatius
695 2752 722 2796 ut
734 2749 818 2797 Tiberi
835 2749 876 2797 det
892 2757 992 2800 caussae
1003 2750 1130 2808 irascendi,
1147 2747 1193 2797 Ti-

201 2813 268 2862 bem
291 2813 368 2876 mugit
390 2814 453 2862 dixit
469 2827 577 2862 uxorem.
616 2813 722 2862 Uxoriur
746 2815 808 2865 euim
835 2815 924 2863 dieitur
944 2817 1014 2864 uxori
1037 2815 1145 2873 deditur,
1166 2820 1194 2863 ut

201 2879 271 2942 virg.
296 2880 375 2941 (Aeo.
401 2880 431 2938 l,
457 2881 545 2944 266.):
571 2880 773 2945 pulchramque·
788 2882 900 2930 moriae
925 2879 1017 2930 urbem
1045 2878 1193 2931 1111111131

201 2945 337 3009 Porpbpr.
354 2946 393 2995 ad.
411 2962 435 2994 v.
452 2947 494 2995 17.
523 2948 583 3006 „ilia
609 2949 720 2996 auctore
742 2945 829 2996 Ennio
851 2947 876 2994 iu
899 2960 992 2994 amnem
1008 2945 1109 2995 Tiberin
1123 2947 1193 3008 jussu

202 3013 288 3060 Amulii
305 3014 370 3075 regie
386 3012 531 3064 Albanorum
547 3015 709 3077 praecipitata
726 3017 771 3061 eet.
805 3013 884 3062 Antea
901 3013 963 3060 euim
973 3012 1058 3061 Auieni
1070 3015 1194 3062 matrimo-

202 3079 243 3126 nio
256 3080 354 3139 juncta,
370 3082 444 3142 atque
460 3081 500 3128 trio
515 3082 631 3142 loquitur,
649 3081 718 3142 quari
730 3080 813 3130 Tiberi
829 3080 1037 3142 potiueuupeerit.
1072 3081 1196 3142 Qoerenlt

203 3148 285 3192 autem
302 3145 362 3196 iliae
379 3145 477 3196 eaedem
494 3147 606 3196 Caesarie
623 3147 825 3208 intelligendum.''
859 3146 953 3206 (Sobel.
970 3145 1035 3196 Aer.
1054 3145 1194 3210 111111111-

202 3211 290 3260 renti:
307 3212 435 3272 „querelae
451 3211 516 3273 apud
532 3227 559 3260 oe
577 3212 705 3275 deponenti
722 3214 753 3260 de
769 3215 845 3261 morte
862 3212 989 3271 Caesaris,
1012 3212 1113 3260 hominio
1135 3225 1195 3260 euae

203 3276 338 3338 originw)
355 3303 388 3312 -
404 3277 481 3326 Sero.
498 3277 530 3324 ad
546 3277 613 3340 Virg.
629 3278 689 3326 Aen.
707 3277 736 3337 1,
753 3279 823 3329 tib:
839 3278 962 3338 „Amulius
979 3280 1004 3326 et
1015 3278 1127 3325 Numitor
1142 3277 1195 3325 fra-

203 3346 254 3391 trer
275 3343 372 3392 inerunt
395 3341 449 3404 [lilii
472 3343 585 3406 Procae}
622 3343 729 3391 Amulius
751 3349 834 3396 autern
855 3345 955 3392 tratrem
982 3344 1082 3406 imperio
1104 3344 1195 3406 pepulit

204 3411 229 3458 et
245 3407 320 3458 tilium
338 3410 390 3470 ejur
407 3409 681 3468 necavit3fi1iamrero
698 3409 765 3457 Iliam
787 3409 878 3460 Vestae
901 3410 1051 3458 sacerdotem
1073 3409 1144 3470 iecit,
1166 3415 1195 3458 ut

204 3490 271 3537 rpem
293 3475 383 3523 robolin
405 3475 525 3534 auferret,
548 3490 564 3524 a
586 3489 633 3538 qua
655 3491 682 3523 re
703 3477 783 3537 puniri
799 3491 871 3540 poree
888 3481 1042 3538 cognoverat.
1074 3476 1150 3536 Haec,
1166 3481 1195 3525 ut

204 3542 271 3588 multi
288 3541 383 3600 dicunt,
401 3556 454 3592 oum
470 3546 565 3604 peteret
581 3555 657 3604 equae
674 3541 706 3590 ad
721 3555 805 3603 ruera,
822 3544 946 3606 repentino
959 3557 1059 3592 oeeurru
1075 3544 1124 3605 lupi
1140 3547 1194 3592 tur-

205 3607 264 3654 bata
280 3609 368 3674 refugit
384 3608 409 3658 iu
425 3609 575 3670 speluncam,
592 3609 617 3658 iu
634 3623 682 3672 qua
698 3623 713 3656 a
729 3609 808 3665 Marte
831 3624 968 3672 compressa
984 3614 1035 3670 eet,
1057 3611 1120 3658 uude
1142 3611 1193 3658 uati

206 3675 262 3719 eunt
277 3673 366 3724 11111111
383 3678 407 3722 et
424 3675 551 3728 Romulus:
574 3690 633 3737 quoe
656 3689 708 3728 eum
730 3680 806 3725 matre
822 3676 928 3724 Amulius
948 3677 1022 3738 jureii
1038 3675 1193 3739 praecipitari

206 3739 232 3784 iu
248 3736 363 3787 Tiberim·
384 3739 466 3809 Turn,
489 3745 517 3790 ut
532 3741 627 3804 quidum
651 3741 745 3800 dieunt,
768 3743 835 3790 iliam
857 3743 903 3790 ribi
919 3741 995 3791 Anien
1012 3743 1072 3791 iecit
1087 3755 1192 3800 uxorem,

207 3804 305 3862 1111111,
322 3806 470 3870 interpam
485 3807 627 3876 Horatius,
647 3805 768 3871 Tiberim
784 3808 848 3858 uude
865 3811 914 3858 ert:
930 3809 1043 3860 amorim
1059 3805 1174 3860 11111111
