2758 4544
616 246 657 324 ὲ-
698 268 752 336 rs·
782 307 823 318 -
908 340 910 346 Α

230 455 346 502 scenam
359 387 447 516 'cnosi
465 437 607 514 producit.
645 435 771 496 Proinde
796 439 827 493 et
844 435 938 492 ortam
957 433 1222 510 conformatamque

145 542 149 563 ¹
230 533 408 608 epistolicam
436 531 539 605 poesin
567 544 605 584 ex
633 529 756 585 Satirica
784 527 848 584 dico
883 529 914 582 et
941 533 1122 583 communem
1155 544 1221 586 esse

229 625 380 697 utriusque
408 621 543 678 indolem.
591 617 674 684 Quae
702 619 819 693 quidem
846 617 878 673 in
907 633 943 674 co
963 618 1138 691 ‘quaerenda
1165 621 1221 694 cst,

184 735 202 786 g
228 715 311 792 ¹'quod
326 729 385 771 non
402 713 596 772 Romanorum
614 712 706 768 solum
725 709 778 781 scd
802 709 894 784 ipsius
918 709 1142 792 eticmHoratii
1158 712 1222 773 tota

183 793 184 798 ¹
229 803 346 862 vivendi
364 803 438 862 ratio
446 806 456 882 ‚'
480 819 591 879 mores,
618 801 730 877 studia,
755 799 936 858 conditiones
955 799 1051 862 ueluti*
1065 800 1097 856 in
1116 800 1221 890 'tabula

229 895 423 968 depinguntur
448 898 479 957 et
502 895 545 950 its
571 893 783 967 depinguntur,
812 893 846 946 ut
870 891 956 948 simul
980 897 1011 948 et
1027 889 1224 962 joccctda‘et

119 967 122 975 ’
227 977 339 1046 smnio
357 985 490 1050 dicantur
507 985 594 1042 vitae.
633 983 882 1050 Quemadmodum
900 982 989 1054 igitur
1006 983 1094 1055 pocta
1111 983 1143 1044 iu
1155 969 1224 1040 Ser-¹

228 1077 361 1136 monibus
400 1077 522 1134 ridendo
559 1079 589 1134 ct
629 1074 806 1145 castigando·
831 1089 1036 1148 perversorum
1068 1063 1220 1130 hominum

229 1168 390 1226 studiorum
408 1171 554 1225 corrector
571 1169 693 1240 iuerat,·
707 1165 750 1222 ita
773 1166 804 1222 in
829 1165 960 1238 epistolis
975 1163 1102 1220 ‘amabili
1126 1165 1219 1239 plrllo·
1238 1159 1248 1196 l

229 1259 332 1334 sophia
351 1261 381 1314 et
399 1259 563 1332 aequalium
581 1259 700 1332 pectora
719 1258 750 1316 ct
768 1273 800 1312 se
819 1255 915 1330 ipsum
927 1254 1123 1314 saluberrimis
1134 1272 1219 1329 prae·

227 1349 322 1424 ceptis
340 1351 518 1441 conformare
538 1347 657 1405 studuit.
695 1346 792 1420 Atque
816 1347 872 1404 lroc
896 1346 1063 1419 primarium
1081 1345 1110 1402 ei
1127 1346 1218 1404 uisse

227 1439 406 1498 consilium
396 1428 428 1496 ιιιΙ
454 1437 669 1498 conscribendis
700 1437 848 1515 epistolis,
878 1453 974 1511 neque
998 1429 1097 1494 formal
1119 1453 1218 1494 earum
1298 1481 1300 1486 s

227 1529 353 1589 indolem
371 1546 390 1586 a
408 1531 577 1588 Sermonum
596 1529 742 1586 diversam
760 1529 838 1605 fleri,
857 1529 955 1602 plures
974 1527 1012 1584 ob
1031 1543 1148 1585 caussas
1167 1527 1217 1584 de·

227 1620 344 1679 rendere
363 1621 464 1678 ausim.

301 1713 417 1770 Etenim
436 1727 609 1786 quamquam
627 1711 765 1785 plurimas
784 1711 922 1786 epistolas
941 1729 1010 1770 vere
1027 1712 1076 1790 iis,
1095 1659 1133 1770 ad
1145 1729 1217 1788 quos

228 1803 353 1878 scriptae
372 1802 456 1880 sunt',
471 1803 609 1860 redditas
628 1819 694 1859 esso
713 1803 856 1881 concedo,
882 1805 1019 1862 Horatius
1038 1807 1136 1863 tamen
1153 1807 1216 1861 tan·

226 1898 288 1952 tum
302 1894 423 1971 aberat,
448 1897 482 1950 ut
505 1895 572 1951 illos
599 1896 676 1951 solo's
695 1896 834 1952 certiores
853 1896 948 1952 lacere
967 1894 1071 1971 vellet,
1097 1896 1122 1951 si
1147 1896 1217 1969 qnid
1330 1923 1334 1928 ·
1374 1901 1375 1906 ’

188 2034 191 2047 .
227 1989 306 2044 esset
324 1985 401 2060 quod
414 1973 470 2043 'eos
490 1985 564 2060 scire
582 1989 633 2042 aut
652 2001 705 2042 suo
723 1987 922 2058 suiipsorum
945 1986 1101 2042 interesset
1113 1982 1159 2065 ⁸),
1184 1990 1217 2043 ut

227 2077 259 2132 in
278 2076 398 2148 singulis
423 2075 582 2132 scribendis
607 2076 669 2146 jam
693 2076 730 2133 de
755 2075 882 2132 editione
911 2075 1044 2148 omnium
1066 2077 1215 2146 cogitaret.

226 2165 261 2224 Id
279 2167 438 2232 luculenter
456 2169 577 2240 apparet
595 2167 674 2243 inde,
693 2167 771 2240 quod
789 2166 914 2238 Augusti
932 2165 1031 2222 laudes
1042 2167 1216 2239 quibusdam

216 2245 359 2331 'epistolis
383 2270 475 2332 paene
494 2257 612 2314 intrusit
624 2253 662 2339 ⁷).
701 2257 779 2324 Quin
807 2260 962 2330 mitequam
989 2256 1064 2314 liber
1092 2258 1215 2316 emissus

168 2393 169 2402 ,
226 2351 305 2404 esset
324 2348 463 2423 epistolae
481 2349 647 2427 singulatim
665 2350 697 2405 in
715 2349 837 2406 aliorum
854 2363 969 2423 quoque
988 2348 1136 2408 hominum
1154 2365 1215 2408 ma-

226 2453 281 2496 nus
299 2439 636 2517 pervenisseridentur‚
665 2441 692 2497 si
716 2456 774 2515 qua
797 2441 869 2499 lides
897 2439 995 2498 verbis
1022 2441 1055 2497 in
1079 2441 1173 2515 epist
1186 2443 1214 2519 1,

373 2624 486 2684 Peracto
504 2623 619 2681 ostendi
638 2623 745 2700 gemis,
765 2627 796 2682 et
813 2624 976 2684 communia
993 2624 1156 2704 laudas„

225 2714 264 2772 ad
287 2731 360 2789 quae
379 2716 454 2775 bene
472 2718 611 2789 provocat
636 2717 763 2774 Messon
791 2718 824 2773 in
851 2717 919 2792 hist.
949 2719 1012 2775 crit
1041 2720 1109 2774 torn.
1129 2719 1162 2774 V.
1183 2733 1213 2790 p.

227 2806 289 2864 170.
308 2806 416 2864 notb
453 2805 568 2864 Deinde
592 2807 747 2890 primarius
772 2791 959 2883 plurimarum
983 2807 1047 2864 linis
1072 2811 1133 2884 est,
1162 2811 1213 2884 aut

225 2899 258 2952 ut
276 2889 489 2972 philosophiae
494 2897 622 2955 studium
640 2899 857 2966 commendetur
881 2901 911 2954 et
934 2899 1073 2972 placitum
1096 2849 1212 2970 aliquod

164 2979 185 3022 '²
225 2988 379 3046 instilletur
397 2987 515 3046 auribus
529 2984 568 3067 ⁸‚)
587 2992 638 3044 eut
656 2991 689 3045 ut
707 3005 781 3061 quae
799 2989 877 3044 inter
895 2987 1010 3061 poetam
1029 2989 1060 3042 et
1074 2987 1137 3056 ojus
1150 2990 1211 3044 iau·

225 3080 321 3157 tores,
339 3080 537 3136 Maecenatem
555 3078 737 3152 potissimum
756 3081 787 3134 el
805 3079 967 3150 Augustum
985 3077 1148 3136 intercedat
1165 3095 1210 3150 ras

225 3169 284 3245 tio,
310 3187 345 3228 ea
363 3171 449 3242 vulgo
467 3170 505 3226 ob
524 3169 622 3226 oculos
640 3172 772 3243 ponatur.
812 3170 909 3235 Quare
937 3183 1005 3228 nom
1024 3169 1211 3240 premendum

225 3264 281 3339 est,
301 3262 405 3337 quibus
425 3261 549 3338 scriptor
567 3261 705 3335 epistolas
724 3249 845 3364 dicerit,
864 3275 919 3317 nec
937 3275 1112 3334 magnopere
1131 3261 1209 3318 labo·

224 3417 421 3432 —w

290 3503 319 3561 d)
335 3502 416 3552 Verba
432 3506 579 3554 Ciceronis·
573 3520 597 3554 in
615 3507 685 3568 epist.
701 3503 733 3552 ad
750 3503 798 3552 div.
815 3505 839 3562 2,
857 3503 880 3553 4

223 3584 794 3708 19473)(37.ειῐ.1ι1ιι7575942
812 3581 1034 3642 solo-lu
1051 3583 1093 3633 2⁷
1112 3580 1151 3644 18
1168 3583 1208 3632 56

190 3786 193 3794 ,
289 3723 1207 3798 chrmrrsrwscanrwcaqwsassawrorcsqrr

188 3797 833 3860 ‚ssetsswrsluslosorass-
