2758 4544
521 1267 633 1386 Cap.
671 1269 759 1358 IV.
826 1261 861 1364 s

147 1460 182 1510 lie
207 1462 354 1527 temporibus
376 1461 464 1524 ,quibua
490 1465 540 1510 trec
565 1461 695 1510 carminum
722 1449 776 1510 libri
801 1461 893 1524 priores
918 1460 1004 1523 scripti
1027 1465 1052 1509 et
1077 1459 1134 1510 editi

593 1544 692 1592 luerint.

544 1708 742 1720 α-σ-οο-

145 1827 405 1914 Duas'haetenus
431 1855 529 1928 poesis
554 1853 730 1916 Horatianae
756 1854 867 1928 species
891 1832 1136 1928 perlustravimus,

99 2015 101 2020 ,
147 1972 223 2032 quae
242 1955 346 2014 natura
371 1968 424 2014 aua
449 1955 587 2024 cognatae
614 1951 774 2024 codemque
799 1953 929 2024 tempure
955 1953 1066 2010 etune
1090 1968 1137 2010 aa·
1224 2003 1234 2012 Ι

150 2049 272 2119 clamque
292 2045 329 2102 de
349 2035 634 2106 causse‘neoesserio
653 2046 750 2118 ortae,
777 2045 935 2120 tractatae,
955 2043 1136 2120 terminatae,
1230 2044 1239 2049 “

148 2135 385 2208 corrumpam
410 2138 498 2209 poeta
523 2151 657 2214 emensus
684 2136 729 2190 ost
754 2135 879 2207 primum
901 2135 993 2196 veluti
1016 2134 1138 2206 madum

149 2227 393 2286 circumscribunt
433 2227 598 2298 Sequuntur
616 2227 706 2298 lyrica
723 2226 838 2284 Horatii
863 2227 975 2302 studia,
1000 2225 1137 2300 adquae
1212 2288 1214 2293 ,

149 2335 317 2390 graecorum
343 2317 550 2392 exemplarium
574 2319 699 2374 lectione
724 2317 832 2374 dudum
857 2320 1045 2396 praeparatus
1070 2334 1137 2391 pro·

149 2427 218 2482 paro
238 2426 338 2482 gressu
363 2413 426 2464 tum
452 2407 566 2490 demum
595 2409 738 2484 porrexit,
771 2426 837 2465 oum
864 2411 942 2465 vitae
961 2409 1136 2486 conditione,

150 2504 243 2558 aetate
264 2502 294 2555 ct
312 2500 409 2555 mente
428 2498 585 2554 immutatis
610 2503 761 2571 pertaesus
787 2498 877 2554 amari
901 2497 981 2554 lusus
999 2507 1020 2558 'a
1038 2503 1137 2556 contu·
1243 2483 1245 2496 ’

148 2593 334 2650 meliosorum
365 2589 522 2645 carminum
554 2589 762 2662 compositione
794 2605 826 2644 sc
851 2588 1045 2645 abstinuisset
1083 2590 1138 2646 Per

147 2681 232 2740 veria
249 2680 327 2738 vitae
347 2677 513 2736 discrimina
530 2678 598 2735 incle
618 2695 757 2750 agraeea
774 2673 1006 2754 peregrinatione
1032 2679 1138 2736 elucta-

148 2779 207 2849 tus,
226 2773 331 2846 postca
348 2769 553 2825 malevolorum
571 2769 719 2826 hominum
736 2770 896 2826 inimicitiis
915 2787 1033 2844 pressus
1052 2772 1082 2825 et
1100 2771 1137 2828 ob
1196 2793 1199 2799 ·

149 2863 269 2921 dubium
290 2863 320 2918 et
338 2854 526 2917 fluctuantem
545 2859 656 2933 patriae
683 2863 790 2916 statum
808 2863 838 2916 ct
858 2861 980 2916 salutem
999 2861 1138 2930 aegrimo-

149 2956 199 3013 nia
223 2954 388 3028 oouscotus‚
414 2949 555 3024 paulatim
580 2951 697 3024 quidem
722 2965 787 3009 oum
814 2952 946 3008 suavium
972 2950 1138 3029 amicorum,

149 3046 279 3121 Virgilii,
303 3043 384 3102 Varii
404 3042 581 3116 aliorumque
599 3059 669 3119 usu,
696 3045 758 3100 tmn
782 3044 936 3117 praecipue
961 3043 1139 3102 Maecenatis

150 3136 327 3210 patrocinio,
347 3131 403 3208 quo
423 3133 460 3189 ab
477 3135 596 3190 ineunte
615 3150 691 3191 anno
710 3152 738 3192 u.
759 3152 783 3191 o.
803 3134 866 3192 tlt.
886 3134 1002 3204 gavisus
1022 3138 1067 3192 est
1086 3127 1137 3209 (ol.

151 3244 224 3301 quae
244 3225 468 3300 disputabuntur
486 3224 561 3280 infra
579 3223 617 3282 ad
636 3225 696 3281 Sat
717 3225 745 3299 2,
765 3219 821 3302 6.),
835 3224 1037 3296 jucundiorem
1049 3226 1139 3280 vitam

152 3321 182 3374 et
209 3317 286 3374 euris
313 3331 434 3372 vacuam
461 3312 583 3386 adeptus
613 3316 683 3370 erat.
727 3315 789 3370 Neo
817 3317 914 3370 tamen
941 3329 1040 3371 earum
1068 3329 1139 3386 quas

120 3426 123 3432 ·
152 3411 289 3482 expertus
309 3408 487 3463 aratrorum
505 3407 566 3460 tam
585 3403 642 3459 cito
668 3405 811 3460 exstincta
836 3406 881 3459 est
904 3404 1060 3480 memoria,
1084 3421 1139 3462 neo

152 3501 212 3554 tam
229 3499 288 3557 levi
305 3498 380 3571 pede
400 3496 438 3552 ad
456 3497 553 3569 partes
572 3487 786 3569 quarum'osor
810 3495 904 3552 luerat
927 3495 1078 3572 transiliit,
1096 3499 1138 3572 ut,
1218 3503 1219 3506 ’
1286 3546 1290 3554 .

153 3589 244 3645 donec
262 3589 374 3662 patriae
394 3587 471 3644 salus
490 3586 522 3642 in
541 3601 681 3658 suspenso
701 3585 770 3660 tuit,
789 3585 837 3642 vel
854 3585 972 3642 omnino
997 3586 1035 3644 ad
1050 3588 1140 3658 lyrica
1176 3654 1178 3661 k

152 3679 269 3736 levioris
288 3678 450 3749 argumenti
469 3669 596 3734 carmina
621 3675 818 3749 componenda
842 3678 999 3750 proclivem
1023 3693 1054 3734 sc
1074 3693 1139 3733 sen·

153 3769 234 3845 serit,
252 3770 300 3825 vel
319 3767 507 3825 celebraverit
522 3766 610 3822 otiam
621 3765 801 3823 adversatos
815 3784 893 3844 succ,
912 3769 959 3826 vel
970 3784 1041 3825 vera
1051 3767 1139 3824 animi

154 3859 250 3916 studia
268 3857 399 3916 mendaci
417 3859 480 3930 lyra
490 3857 571 3914 velut
589 3856 708 3927 ejecerit
727 3859 757 3912 et
774 3857 939 3914 adulatione
950 3859 1066 3930 foedum
1078 3875 1143 3914 ser·

433 3953 436 3966 .
901 3945 944 4003 4*
