2790 4566
552 244 757 308 -au-

707 354 732 382 Χ

162 401 338 460 intellectum
357 405 487 464 voluerit.
526 405 622 464 Audio
642 410 672 464 et
689 406 813 465 libenter
837 407 959 486 largior,
984 410 1144 468 rectissime
1182 455 1183 462 κ

162 493 359 568 hujuscemodi
377 495 627 554 ratiocinationem
644 497 810 570 procedere
842 498 1024 577 Quinimmo
1043 501 1146 558 distin·

161 587 206 642 cte
229 601 391 660 proponam
420 587 498 644 inter
528 603 602 662 quae
628 588 709 670 optio
741 587 833 646 datur.
869 589 930 647 Aut
953 592 1030 650 enim
1053 592 1147 650 noluit

160 678 247 748 poeta
264 677 464 737 Maecenatem
482 677 616 736 vellicare
635 682 665 736 ot
683 677 829 739 bominem
846 680 944 737 nescio
963 697 1048 756 quem
1059 682 1145 740 simi·

159 765 227 824 liter
244 768 424 826 nominatum
442 769 480 826 ob
500 769 637 848 candem,
662 786 737 845 quae
755 771 919 828 Maecenati
942 772 1048 846 probro
1072 777 1145 852 erat,
1242 805 1243 808 =

159 857 309 916 mollitiem
328 860 495 937 castigavit,
520 863 572 916 aut
589 877 658 920 vero
677 862 855 920 Maecenatis
879 861 1009 920 incessus
1034 863 1062 920 ei
1081 879 1146 922 cum

159 947 233 1006 haec
252 950 394 1009 scriberet
410 951 580 1008 obversatus
600 955 654 1012 est.
692 953 733 1010 At
749 954 837 1028 plura
858 953 890 1010 in
907 956 1045 1028 promptu
1068 957 1146 1032 sunt,

159 1039 264 1112 quibus
284 1041 367 1098 facilc
386 1042 514 1118 evincas,
533 1045 629 1100 utrum
647 1043 833 1102 verisimilius
852 1045 899 1102 sit.
919 1047 994 1104 Nam
1011 1045 1146 1122 primum,

160 1129 221 1186 sive
240 1132 394 1190 Maecenas
413 1136 534 1208 proptor
550 1135 702 1194 mollitiem
720 1135 781 1193 sive
800 1139 920 1211 propter
938 1135 1096 1212 pudorem,
1114 1137 1147 1192 ut

158 1224 258 1295 turpes
276 1239 391 1286 crurum
409 1226 523 1304 varices
539 1228 729 1304 tegerentur,
745 1227 852 1286 tunicis
870 1226 972 1284 solutis
992 1229 1022 1283 et
1041 1225 1147 1283 demis·

158 1312 200 1368 sis
223 1305 319 1388 palam
342 1315 490 1375 ambulare
524 1318 693 1395 consuevit,
722 1318 867 1376 insolitus
894 1318 944 1376 bic
971 1315 1146 1375 nobilissimi

158 1403 216 1463 viri
239 1406 331 1464 cultus
355 1406 439 1481 isque
463 1407 512 1466 rel
535 1409 660 1483 posteris
685 1412 716 1466 et
740 1410 871 1482 cognitus
897 1412 927 1467 st
950 1412 1068 1468 notatus
1092 1422 1147 1466 nec

157 1497 293 1570 aequales
312 1497 430 1556 omnino
454 1515 509 1556 nec
525 1499 623 1573 ipsum
641 1496 793 1556 Horatium
816 1501 981 1558 istiusmodi
1004 1517 1053 1558 res
1070 1497 1147 1572 Lyn·

158 1585 203 1645 oei
221 1587 312 1644 oculis
338 1589 505 1644 cernentem
529 1589 688 1662 praeterire
712 1577 816 1661 notuit.
853 1589 968 1657 Deinde
994 1576 1147 1663 ¹vero'quis

146 1679 221 1754 est,
246 1679 297 1751 qui
321 1677 480 1735 verisimile
506 1676 584 1736 dicat
608 1678 761 1736 Horatium
784 1695 845 1736 non
863 1680 956 1736 solum
979 1679 1098 1736 fortuito
1118 1681 1148 1736 et

156 1785 227 1826 casu
246 1769 277 1824 in
297 1768 420 1826 similem
430 1777 494 1826 rein
505 1771 535 1825 et
546 1768 809 1826 denominationem
821 1769 969 1847 incidisse,
988 1768 1042 1826 sed
1060 1769 1148 1829 etiam

155 1858 438 1916 tamobtusamente
457 1857 547 1916 fuisse
567 1861 684 1934 tamque
702 1859 916 1920 inconsiderate
936 1854 1098 1938 scripsisse
1115 1861 1149 1916 nt
1207 1868 1224 1886 ⁸

154 1966 213 2008 nec
232 1947 268 2010 de
287 1948 468 2006 Maecenatis
485 1949 587 2008 habitu
606 1950 778 2022 cogitaverit
801 1967 857 2008 nec
881 1952 974 2006 totnm
997 1951 1093 2008 locum
1111 1948 1148 2006 de
1222 1950 1225 1958 '

154 2057 194 2106 eo
213 2040 252 2098 ab
275 2039 340 2098 aliis
359 2039 464 2114 ¹accipi
482 2056 568 2115 posse
593 2056 723 2114 unquam
745 2039 862 2098 viderit.
899 2043 939 2099 lit
957 2044 990 2098 ut
1007 2041 1073 2116 ipse
1089 2055 1149 2098 nou

156 2132 256 2206 statim
273 2131 396 2212 viderit,
422 2147 528 2188 eumne
546 2132 684 2200 credibile
704 2136 750 2192 est
768 2149 823 2191 nec
840 2136 944 2207 postea
968 2132 1148 2190 animadver·
1291 2203 1294 2211 ¹

157 2219 250 2280 tisset
286 2216 398 2284 Eumne
427 2219 466 2280 ab
492 2224 593 2284 amicis
621 2224 707 2297 hujus
734 2223 780 2282 rei
805 2229 865 2282 non
893 2226 1148 2283 commonefactum
1263 2295 1266 2306 Ι

158 2331 224 2371 esso
242 2315 289 2372 vel
307 2314 429 2388 abipso
448 2315 497 2372 illo
515 2315 711 2393 Maecenate,¹
722 2315 772 2390 qui
792 2329 823 2372 se
842 2317 952 2374 tactum
969 2313 1147 2374 vellicatum-

157 2421 214 2480 que
234 2421 299 2462 csse
317 2407 432 2478 poterat
451 2400 589 2462 sentiret
617 2407 730 2462 Eumne
753 2420 809 2462 nec
834 2409 937 2484 sponte
961 2423 1016 2464 nec
1041 2406 1146 2464 amico·

157 2513 223 2554 rum
239 2497 287 2572 vel
305 2495 398 2570 ipsius
416 2493 596 2552 Maecenatis
605 2481 697 2552 suasu
708 2496 759 2550 aut
771 2487 899 2552 mutasse
911 2499 962 2553 aut
973 2495 1146 2554 obliterasse

142 2582 269 2668 ¹vertat
308 2588 384 2644 Cave
414 2585 449 2644 in
470 2583 551 2642 incili
581 2583 755 2642 adhaereas!
791 2585 894 2642 Ubivis
918 2587 1039 2644 Flaccus
1064 2587 1147 2644 caute
1205 2623 1211 2634 .

158 2675 276 2750 scripsit
295 2677 326 2730 et
344 2674 559 2748 cncumpecte.
592 2676 668 2732 iure
686 2676 776 2747 igitur
793 2677 834 2734 iis
848 2675 987 2754 accedes,
1013 2674 1065 2750 qui
1086 2675 1146 2732 Ho-

158 2767 266 2826 ratium
283 2765 414 2826 consulto
434 2767 463 2821 et
482 2764 519 2820 de
537 2761 681 2820 industria
699 2767 864 2824 Maecenati
881 2765 1011 2824 illusisse
1026 2764 1145 2838 ejusque

158 2857 308 2932 insolitum
323 2855 469 2914 ¹vestitum
493 2855 526 2919 in
549 2853 641 2911 risum
664 2858 779 2914 vertere
804 2853 930 2914 voluisse
961 2856 1145 2914 arbitrantur.

158 2952 222 3011 Hoc
240 2950 338 3008 autem
355 2949 485 3022 profecto
503 2945 593 3004 multo
612 2948 680 3002 aute
699 2947 783 3024 fecit,
808 2963 896 3020 quam
918 2947 950 3004 in
968 2944 1145 3004 Maecenatis

158 3039 351 3114 patrocinium
369 3042 399 3096 et
417 3037 640 3096 familiaritatem
664 3038 829 3111 perveniret
841 3034 881 3120 ⁵).
917 3040 993 3098 Nam
1010 3055 1076 3098 eum
1092 3055 1146 3114 pu-
1241 3101 1242 3104 ,

159 3131 236 3191 blica
252 3130 311 3188 ista
328 3129 425 3202 irrisio
437 3129 567 3188 acerbior
579 3143 667 3202 quam
684 3128 804 3190 facetior
823 3132 901 3187 essct
919 3134 949 3188 et
967 3131 1011 3187 ita
1028 3145 1144 3204 compa·
1236 3180 1240 3188 .
1311 3175 1314 3184 ,

159 3225 241 3298 rata,
258 3223 291 3276 nt
308 3220 398 3276 bilem
414 3220 512 3293 potius
532 3235 618 3294 quam
636 3220 818 3300 risumlaesi
835 3221 960 3279 hominis
969 3238 1085 3279 movere
1096 3221 1146 3278 de-
1213 3246 1216 3253 ·

159 3311 258 3370 beret:
282 3310 423 3372 Horatius
445 3326 506 3366 non
524 3309 616 3368 solmn
634 3311 832 3385 imprudenter
849 3312 958 3384 egisset
975 3310 1029 3369 sed
1039 3309 1146 3380 ingrati

151 3402 251 3470 ,etiam
272 3403 305 3460 ot
326 3400 445 3472 maligni
475 3401 565 3458 animi
596 3401 705 3458 crimen
735 3401 890 3481 subiisset,
919 3402 945 3460 si
975 3400 1146 3458 insolentem
1256 3448 1261 3456 .

156 3489 289 3565 furuera‘s
312 3492 359 3551 sui
383 3494 414 3550 et
437 3494 529 3556 amici
552 3493 789 3580 consuetudinem
812 3495 873 3552 tam
896 3492 1023 3568 graviter
1048 3492 1146 3566 exagi-

228 3701 257 3764 t)
273 3700 334 3750 Audi
351 3703 447 3764 poetam
464 3703 516 3751 Sat
532 3701 557 3762 1,
574 3704 599 3754 3.
615 3702 656 3754 tt.
690 3701 738 3761 „ue
752 3705 865 3765 pater-ut
880 3705 961 3768 gnati,
985 3704 1024 3755 sic,
1037 3717 1082 3754 uos
1098 3700 1143 3752 de-
1210 3739 1213 3743 .
1238 3713 1241 3720 ·

161 3768 247 3818 bemus
262 3769 343 3820 amitt
359 3769 387 3818 Si
403 3769 466 3852 quod
481 3770 515 3820 sit
529 3771 614 3822 uitium
631 3770 677 3819 uou
694 3769 828 3819 betunen
