2790 4566
549 319 593 344 -,
627 283 688 362 133
716 227 797 330 .-ἵ·

162 443 299 530 §Mettio
315 447 427 506 inertia
445 463 497 504 cur
514 449 625 504 buum
638 446 786 504 diffuderit
804 447 870 504 imis
883 445 1066 506 Oblivionem
1084 465 1149 506 serr·

162 531 283 618 sibns'')
303 540 334 594 et
351 555 381 604 v.
399 537 426 594 6.
452 529 593 616 („D'eus,
620 538 785 621 deusnam
809 554 855 594 me
874 537 1020 617 vetetd').
1052 541 1149 606 Quare

161 628 297 703 equidem
315 628 390 686 hanc
410 628 537 698 eclogam
555 645 609 703 per
626 629 771 700 annltl.
791 632 823 699 et
834 629 898 700 722.
919 633 1150 702 exaratam.esse
1182 687 1185 690 .

161 735 283 795 censeo,
303 719 476 792 praesertim
501 735 566 776 cnm
586 717 649 788 jam
675 720 745 776 satis
771 723 834 776 arta
857 720 934 776 inter
951 720 1150 778 Maecenatem

161 813 191 866 et
209 810 362 868 Horatium
381 809 559 881 familiaritas
578 810 796 887 intercesserit,
811 814 843 868 ct
860 825 976 882 carmen
995 813 1065 870 olim
1083 827 1149 884 pro·
1218 859 1221 864 ,

160 900 282 974 missurn
299 883 475 964 memoretur
493 918 520 956 v.
541 902 567 958 7.
586 932 625 944 -
664 903 761 974 Atque
786 901 854 958 huic
872 901 996 976 tempori
1015 903 1149 961 convente

159 994 325 1068 nnt,-qnae
341 991 375 1047 in
394 992 475 1048 exitu
495 991 631 1048 carminis
650 992 801 1062 leguntur:
1014 1059 1019 1066 ¹

311 1082 416 1142 Urcrir
432 1085 497 1152 ipse
514 1087 622 1156 misem
640 1087 748 1157 pondu
764 1099 828 1142 nen
844 1083 1003 1156 pulcbrtnr
1022 1085 1102 1158 ipsuis

355 1171 501 1232 Accendit
518 1175 674 1244 cormeum
690 1177 786 1250 Ilion,

308 1262 419 1322 Gnade
435 1272 516 1324 sorte
533 1271 597 1322 rna.
621 1296 660 1308 -

141 1353 194 1412 'In
221 1353 268 1410 his
299 1354 378 1410 enim
411 1356 578 1413 Terentiam
606 1355 824 1428 intelligendam
855 1340 1149 1432 esse„Maecenatis

160 1459 297 1518 spensam
326 1446 375 1501 vel
406 1461 544 1522 uxorem,
576 1450 775 1504 contestantur
800 1447 904 1504 Scholl.
931 1445 1033 1504 Acron
1057 1445 1096 1510 ad
1119 1461 1147 1501 v.

157 1537 328 1609 prdebrtor:
348 1535 447 1624 „qoud
466 1537 628 1606 gratificans
648 1537 719 1593 dicit
737 1538 908 1612 Terentiae,
935 1553 1021 1609 quem
1040 1535 1149 1592 amavit
1265 1551 1268 1560 ·
1336 1511 1338 1520 ¹

159 1626 343 1684 Maecenas.'’
380 1627 491 1699 Porpb.
519 1625 564 1682 ad.
584 1643 612 1682 v.
638 1630 762 1684 arem:
789 1627 974 1701 „Maecenati
993 1627 1048 1682 hoc
1068 1625 1148 1701 dicit,

159 1717 229 1792 qnia
248 1719 279 1774 et
296 1718 360 1790 ipse
379 1716 547 1774 Terentiam
566 1715 680 1792 dilexit,
700 1717 781 1787 cujus
802 1719 832 1772 et
851 1733 940 1789 snpra
959 1716 1000 1773 sio
1018 1714 1150 1772 meminit

160 1804 259 1884 (epod.
280 1809 308 1883 3,
328 1804 407 1885 21.):
425 1806 557 1865 Manum
577 1809 682 1888 puella
699 1811 786 1865 sacto
805 1807 897 1864 castr
935 1808 1044 1880 Pcrpla
1063 1805 1102 1862 ad
1120 1821 1147 1860 v.
1221 1878 1226 1888 .

156 1899 328 1972 pulchrior:
353 1898 406 1974 „in
426 1898 565 1955 honorem
583 1897 762 1983 Maecenatis
789 1899 966 1972 gratificatur
983 1895 1148 1975 Terentiae,

158 1989 289 2047 Helenae
314 2005 378 2050 eam
403 1989 602 2061 comparans.'⁷
626 2020 665 2032 -
695 1989 789 2047 Schol.
820 1991 925 2064 Orops
956 1989 1003 2066 „si
1027 1987 1149 2061 Helena,

159 2095 235 2152 quae
253 2080 309 2136 fuit
326 2097 430 2137 caussa
448 2081 577 2137 incendii
602 2083 633 2136 et
658 2081 855 2138 subversionis
874 2079 995 2156 Trojae,
1017 2094 1076 2136 non
1094 2077 1150 2134 ruit

159 2170 318 2244 speciosior
335 2187 422 2245 quam
434 2171 580 2248 Terentia,
600 2187 687 2244 quam
700 2172 832 2248 deperis,
851 2171 900 2228 illa
918 2175 1000 2228 utere
1012 2172 1043 2227 et
1055 2166 1148 2240 gaude

159 2251 219 2318 lato
237 2264 304 2339 tuo,
325 2279 382 2337 quo
401 2266 504 2322 nactus
524 2281 555 2320 es
576 2263 702 2337 puellam
721 2266 781 2320 tam
799 2263 979 2338 pulchram.”
996 2297 1036 2308 -
1066 2259 1149 2328 Quae

101 2375 120 2388 -
159 2351 186 2408 si
209 2369 280 2410 vera
304 2357 349 2410 cst
372 2354 475 2410 Schoil.
500 2354 685 2416 narratio-
710 2354 860 2411 verissima
879 2359 976 2412 autem
994 2356 1055 2429 est,
1081 2366 1149 2408 nam

159 2442 265 2508 verber
289 2447 400 2516 quode.
417 2450 497 2500 serre
521 2451 577 2500 tun
602 2443 638 2514 de
663 2444 795 2512 legitima
817 2447 931 2502 tantum
949 2459 1040 2502 uxore
1061 2457 1148 2514 spon·

160 2548 228 2594 save
254 2532 377 2602 intelligi
400 2537 581 2606 possunt-
598 2534 650 2590 vix
674 2531 790 2590 dubites
815 2534 886 2607 quin
909 2533 1048 2594 Horatius
1066 2531 1148 2588 blan-

160 2623 227 2679 dam
253 2623 408 2679 Terentiae
436 2623 614 2680 mentionem
643 2627 705 2680 tum
732 2624 851 2700 fecerit,
881 2639 947 2681 cum
975 2623 1022 2680 vel
1041 2636 1149 2696 sponsa

160 2713 240 2770 esset
264 2712 444 2788 Maecenati,
470 2715 518 2770 vel
542 2730 649 2772 recem
672 2717 771 2786 nupta.
816 2715 906 2788 Atqui
925 2733 978 2790 per
996 2729 1063 2771 ann.
1083 2711 1148 2769 721.

160 2807 190 2861 et
215 2803 279 2860 722.
330 2803 485 2860 Maecenas
514 2821 579 2860 eam
610 2805 641 2861 in
672 2804 888 2860 matrimonium
919 2805 1003 2862 duxit
1026 2798 1084 2883 (cl.
1112 2801 1149 2858 ad

160 2888 319 2974 epod.;3.).
358 2895 436 2966 Ergo
460 2895 611 2968 probabile
630 2897 662 2952 lit
680 2893 834 2952 Horatium
852 2896 929 2970 tum,
950 2911 1016 2950 erun
1033 2892 1149 2949 Maece·

159 2999 213 3042 nas
231 2985 347 3042 ardenti
365 2987 464 3043 uxoris
478 2986 709 3044 adolescentulae
722 2986 918 3060 honestaeque
930 3001 1027 3041 eruore
1046 2983 1149 3056 captus
1189 3027 1193 3030 .

76 3101 80 3109 ·
160 3076 254 3150 esset,
274 3076 399 3134 necdum
416 3079 561 3150 zelotypia
578 3080 782 3153 maceraretur,
802 3076 943 3134 cecinisse
955 3077 1011 3132 hoo
1023 3087 1148 3148 carmen,

161 3181 219 3238 quo
238 3166 392 3222 Terentiae
416 3171 448 3223 'et
467 3169 646 3224 Maecenatis
666 3168 784 3224 auribus
803 3167 991 3244 blandiretur.
1030 3153 1147 3226 Kirohm

160 3259 272 3329 quaest
292 3272 321 3328 p.
341 3256 386 3313 27.
408 3254 436 3333 ᾖ.
456 3257 589 3312 52-53.
603 3258 737 3333 Ι(ψοιίιηη
756 3275 781 3315 a.
796 3259 859 3315 721.
880 3260 987 3314 lactum
1006 3271 1071 3338 esse
1091 3255 1149 3310 sta·

160 3346 233 3422 tuit,
252 3345 364 3402 wnch.
389 3362 418 3419 p.
445 3347 496 3404 rer.
517 3363 545 3420 p.
572 3348 635 3404 rer.
662 3364 689 3402 a.
709 3347 791 3424 7204
818 3335 927 3404 emtas.
947 3363 976 3420 p.
996 3345 1060 3400 ree.
1081 3358 1146 3400 ann

161 3437 225 3494 725.
246 3431 309 3517 (ob.
330 3431 429 3517 v.·8.),
449 3437 590 3510 probante
609 3436 737 3513 Obbario
755 3437 787 3492 in
806 3437 889 3494 Seeb.
908 3438 994 3494 Jahn.
1014 3433 1146 3492 etlilcta.

161 3529 254 3588 amat
263 3529 343 3586 1836.
350 3529 406 3588 vol.
415 3528 459 3586 16.
472 3543 538 3602 pag.
550 3529 616 3604 ,494
629 3528 746 3606 Passoy.
759 3530 819 3584 not.
834 3528 879 3585 28.
894 3527 974 3586 lea:
994 3522 1145 3584 tle-21.

234 3725 416 3786 mm
434 3725 510 3783 XV·
542 3727 638 3802 „More
656 3727 743 3787 erat”
767 3726 916 3786 Kirchncr.
935 3726 968 3782 in
985 3724 1096 3798 quaest.
1116 3736 1147 3792 p.
1177 3795 1179 3798 .
1248 3685 1252 3693 Ι

162 3815 208 3876 28.
228 3812 256 3894 ἓ.
277 3815 321 3874 53.
341 3819 419 3874 recta
437 3819 471 3873 ut
494 3817 613 3892 videtur
635 3817 666 3876 in
692 3821 760 3874 ann:
784 3816 849 3882 721.
863 3815 1035 3898 Ιιιοιιεῐὶιιιίὶ.
1073 3812 1149 3882 Nem
