2790 4566
622 283 675 358 ,-’-
715 289 758 356 aa
798 321 840 338 -
935 385 938 397 .

216 462 223 478 ¹
250 459 350 522 subito
364 455 587 533 exsplendeseit,
599 455 750 513 111444414-
761 409 861 529 aperte
872 453 1048 524 imitatorem
1055 450 1168 533 prodit,
1188 455 1241 514 sed

38 543 39 551 ¹
157 560 161 566 '
249 553 382 612 dextrum
400 553 431 606 41
449 547 609 618 elegantem
620 540 658 626 ¹).
678 548 745 604 Jam
762 545 1010 616 eumGeorgioon
1026 545 1103 603 liber
1120 547 1143 602 I.
1164 563 1240 604 anno

249 643 364 700 demum
381 638 539 699 44119.
559 639 705 695 conlectus
725 639 755 694 et
774 637 870 694 editus
890 636 945 711 sit,
969 639 1092 708 apparet
1114 639 1236 696 satiram

247 737 413 792 44144441
443 745 557 786 ennum-
586 744 645 784 uon
682 727 811 802 potuisse
842 726 939 784 scribi.
976 727 1046 784 Non
1080 730 1160 784 reete
1185 728 1240 800 igi·

249 827 297 881 tur
314 821 470 880 Weiehert.
490 816 518 894 p'.
538 821 589 876 rel
609 835 638 892 p.
652 820 715 876 454.
734 821 765 875 41
784 818 820 874 14
837 818 905 875 Ver.
925 819 956 872 et
976 819 1056 874 Cass.
1066 833 1102 892 p.
1116 819 1160 874 47.
1175 835 1240 876 eam

249 931 302 990 per
313 913 438 970 hiemem
456 927 482 967 a.
503 910 653 967 111-18.
668 909 856 983 oompositam
866 908 948 964 dixit.
967 940 1006 952 -·
1026 911 1177 966 Caeterum
1189 910 1240 983 qui

244 1013 276 1062 'v.
297 1003 360 1061 101.
380 1000 520 1059 innubili
538 1004 720 1060 Nomentani
738 1000 883 1058 consortio
903 1003 1079 1055 memoratur
1096 1003 1239 1058 Maenius

108 1147 123 1168 .,
249 1089 299 1176 (41
322 1097 401 1150 reote
428 1092 559 1167 reposuit
583 1085 752 1168 Heindort‚
781 1089 922 1167 probante
946 1089 1113 1148 Weieherto
1137 1108 1166 1163 p.
1186 1088 1238 1146 rel.
1286 1140 1288 1156 ,
1386 1109 1387 1116 “

245 1186 279 1260 p.
299 1180 399 1264 321),
419 1183 551 1254 egregius
571 1169 620 1240 ille
637 1181 780 1240 bonerum
798 1182 949 1257 decoctor,
966 1183 1084 1239 notetus
1102 1181 1189 1237 etiam
1203 1181 1240 1237 in

185 1307 188 1316 ‚
250 1278 308 1333 Sat.
330 1275 357 1350 1,
377 1275 403 1329 3.
423 1273 469 1329 21.
490 1273 584 1329 4128.
605 1275 635 1328 41
653 1275 738 1348 epist.
759 1274 786 1349 1,
807 1274 851 1331 15.
872 1274 930 1349 26.‚·
942 1271 980 1330 14·
993 1273 1059 1330 1414
1078 1269 1239 1331 remorata

250 1365 365 1422 444444
385 1365 513 1437 carpitur
525 1365 589 1420 ‘Sat
611 1363 639 1438 1,
659 1365 685 1435 8,
700 1366 768 1421 -11.:

332 1460 336 1480 ¹
361 1481 363 1487 ⁸
397 1457 461 1512 lloe
478 1455 602 1510 miserae
621 1455 702 1526 plebi
720 1455 816 1512 414141
835 1469 985 1512 commune
1004 1455 1174 1546 sepulerum,

399 1545 568 1603 Pantolabo
589 1561 704 1602 scurrae
723 1547 962 1620 Nomentanoque
980 1547 1089 1618 nepoti.
1257 1615 1263 1623 ,

251 1641 282 1696 et
300 1637 358 1694 Sat.
378 1635 406 1706 2,
426 1635 451 1692 l.
471 1635 516 1691 22.
536 1634 568 1691 11
586 1636 664 1708 quod
682 1637 789 1694 diserte
808 1637 1013 1695 anirnadvertit
1030 1637 1124 1694 Schol.
1141 1637 1240 1694 Aurea

251 1729 289 1786 ad
308 1726 398 1800 epist.¹
414 1725 447 1802 1,
469 1726 513 1790 15.
533 1725 595 1782 26.:
634 1717 796 1802 „Maeuius
813 1727 861 1786 hic
879 1728 1054 1786 Pantolabns
1081 1727 1174 1785 dietus
1194 1731 1240 1784 est

172 1873 175 1880 ,
251 1820 288 1877 ab
314 1835 365 1895 44,
398 1817 475 1890 quod
505 1816 655 1890 quiequid¹
673 1818 848 1877 afferebatur
867 1817 1060 1893 ·aooiperet.“
1108 1819 1183 1876 Hine
1208 1819 1240 1874 iu

252 1910 343 1968 Sohol.
365 1895 402 1964 41
421 1909 479 1964 841.
500 1908 527 1984 l,
542 1907 582 1963 ·8.*
595 1907 639 1963 11·.
660 1909 799 1967 mendose
819 1909 958 1983 seriptum
977 1913 1114 1983 apparet:
1133 1911 1239 1986 „Mul-

252 2005 312 2060 1144
330 1998 504 2075 8441414144
524 1995 643 2080 44444411
663 1993 785 2080 (qu.)
804 2002 848 2055 et:
879 2001 969 2074 „Fuit
991 2003 1119 2058 marnoa
1142 1995 1240 2058 verna
1308 2038 1311 2049 .

208 2095 217 2114 ’
250 2095 331 2148 trans
340 2089 469 2147 Tiberim
485 2089 618 2159 ingenuis
636 2090 804 2163 parentibus
823 2090 918 2166 44144,
937 2089 997 2165 qui,
1018 2089 1086 2163 quia
1104 2106 1123 2146 4
1141 2092 1240 2148 multia
1302 2093 1303 2106 ¹

226 2223 231 2227 -
252 2173 404 2257 peouniem
422 2181 550 2236 mutuam
568 2181 705 2255 rogabat,
731 2179 904 2237 Pantolabos
924 2179 1239 2251 441444444144144.ιι

253 2266 337 2350 (Aer.
357 2265 386 2328 et
403 2264 560 2351 Porphyr.)
578 2287 648 2344 pror
664 2273 827 2329 ,11444144
845 2303 884 2315 -
901 2271 1035 2344 Denique
1052 2287 1124 2328 eave
1143 2271 1244 2340 441141.
1260 2288 1267 2300 “

253 2365 369 2421 nostrae
395 2362 499 2418 satirae
523 2379 551 2418 v.
576 2361 640 2417 101.
667 2355 739 2442 (,,41
755 2365 856 2420 vivum
875 2360 1030 2420 Maenius“
1055 2359 1146 2443 4441)
1173 2379 1239 2420 oum

254 2455 312 2512 Set.
332 2453 359 2528 1,
378 2451 405 2509 8.
426 2454 470 2509 ll.
490 2453 569 2509 male·
584 2452 620 2508 de
636 2453 736 2509 'aetate
754 2453 904 2529 utriusque
930 2454 1036 2512 satirae
1054 2454 1238 2530 4414414444,

254 2547 284 2602 41
302 2547 433 2601 octavam
451 2547 518 2618 post
532 2543 660 2624 primam
683 2547 832 2600 exaratam
858 2546 959 2602 dieas
982 2546 1049 2603 Non
1067 2546 1145 2602 enim
1162 2561 1238 2602 mor·
1265 2599 1269 2614 ,

254 2636 297 2693 141
317 2638 346 2692 41
365 2635 485 2710 sepulti,
506 2626 787 2706 4414141Μ444144
807 2629 1014 2717 (Pantolabus)
1034 2640 1063 2694 et
1081 2637 1237 2697 Nomenta-

111 2765 145 2836 „X
253 2743 308 2788 444
326 2726 358 2783 14
377 2725 465 2782 satira
484 2724 510 2780 8.
526 2707 611 2798 ‘carpi
629 2727 776 2797 cogitandi
795 2730 870 2784 sunt.
907 2722 1045 2802 Alioquin
1068 2727 1238 2785 1411441441

254 2832 373 2876 acumen
398 2814 513 2889 periret.
552 2815 615 2872 Neo
633 2819 809 2891 persuadere
828 2819 899 2878 milri
924 2835 1061 2895 possum,
1079 2821 1238 2880 Maenium

254 2906 471 2978 intelligendum
489 2922 553 2963 esse
572 2907 677 2964 Lucilii
695 2909 846 2981 aequalem
858 2909 966 2964 (ludum
978 2909 1152 2984 defunctum,
1172 2923 1237 2965 eum

254 2998 350 3055 ubivis
368 2999 428 3053 sere
448 3013 506 3053 una
524 3013 588 3054 euru
607 2998 1096 3074 1..044414Ν444441444,,Η414114
1115 3001 1238 3074 aequati

143 3107 147 3114 *
255 3078 307 3167 (of.
327 3088 385 3144 Sa't.
404 3088 432 3164 2,
450 3086 477 3144 8.
497 3088 542 3144 28.
562 3087 607 3142 25.
627 3082 700 3166 611),
720 3089 751 3144 14
770 3104 886 3144 soonam
903 3087 1061 3162 productus
1079 3090 1126 3148 sit
1145 3091 1236 3148 Immo

246 3182 286 3236 et
303 3179 366 3254 ipse
384 3177 516 3236 Maenius
533 3177 646 3267 lloretii
664 3180 761 3236 aetate
779 3179 861 3238 vixit.
886 3179 1050 3255 Utriusque
1060 3197 1166 3241 nomen
1183 3197 1237 3256 pro

246 3365 452 3388 :nu-m

319 3487 349 3549 1)
366 3489 494 3536 Caeterum
516 3489 613 3551 saepius
635 3492 709 3551 poeta
729 3489 865 3540 Venusinus
888 3492 1012 3555 Virgilium
1033 3492 1166 3540 aemulatus
1188 3495 1235 3543 est.

246 3549 331 3600 ’1)44.
348 3551 406 3602 rea.
428 3555 453 3600 14
476 3554 546 3614 epist.
572 3555 603 3600 ad
624 3554 676 3603 Pie.
703 3555 830 3614 (ueroetur
845 3559 958 3607 ridiculus
974 3559 1039 3621 mus)
1056 3571 1086 3606 ex
1103 3558 1236 3620 virgiliano

248 3615 470 3678 1844441181.
495 3619 575 3678 Saepe
597 3620 697 3679 exiguus
718 3623 784 3681 mus)
811 3625 942 3686 composito
966 3625 992 3672 11
1016 3628 1119 3674 testatur
1138 3627 1235 3678 Quinul.

254 3685 312 3732 1441.
328 3697 364 3748 ur.¹
380 3684 410 3740 8,
434 3684 457 3732 ³.
478 3679 504 3742 §.
520 3684 561 3731 2⁰.
578 3711 611 3718 —
634 3684 665 3732 ol.
683 3685 735 3732 sat.
752 3686 781 3745 2,
803 3689 869 3738 18.
886 3688 1121 3754 41114411417,
1143 3692 1184 3742 48.
1200 3717 1235 3728 -

255 3747 294 3796 od.
312 3749 340 3810 8,
357 3748 381 3799 ll.
397 3745 422 3798 1.
440 3753 465 3798 41
481 3748 557 3810 eclog.
573 3747 620 3807 11,
642 3748 682 3798 18.
698 3777 733 3787 -
749 3751 834 3812 our,
855 3754 880 3804 1.
897 3757 912 3806 6
930 3758 1077 3819 411441,
1094 3757 1152 3809 188.
1173 3757 1234 3807 Dru.

254 3815 346 3879 114444,
361 3815 455 3880 Virgilii
471 3815 578 3864 aemulus
592 3815 716 3866 lloratiua
733 3817 867 3872 rimam·
882 3822 957 3875 1781.
