2790 4566
556 1195 775 1302 ms
834 1152 921 1302 m

164 1381 170 1392 ’
286 1425 340 1485 nu
367 1424 609 1487 rnrrroumus
639 1427 779 1496 omaus
803 1425 1006 1496 rosanus
1025 1423 1189 1484 sraeurs

514 1519 701 1580 romnra
728 1518 956 1580 adunamur.

639 1713 839 1732 m

633 1923 764 2040 (top.
791 1928 860 2014 1.-·
928 1977 934 1992 ·

418 2113 455 2164 Do
470 2115 552 2164 aetate
569 2115 709 2165 Sermonum
725 2115 766 2178 qui
784 2115 809 2164 iu
825 2115 923 2190 iibrodi.
940 2115 1059 2180 teguntur.

203 2469 204 2474 κ
246 2394 362 2490 Pauca
380 2437 447 2490 suut
465 2450 556 2509 eaque
574 2435 658 2493 vaide
677 2428 803 2514 ineerta,
823 2453 898 2512 quae
917 2434 954 2494 de
973 2435 1149 2508 singulorum
1167 2436 1234 2494 Ser·

246 2541 363 2583 monum
381 2525 558 2599 temporibus
577 2530 725 2601 comperta
742 2525 890 2586 hab'emus.
920 2527 977 2586 Sed
995 2513 1053 2584 nisi
1071 2543 1117 2584 me
1136 2527 1233 2584 omnia

247 2618 349 2674 fallunt
369 2619 491 2690 praeter
510 2620 644 2688 primum
666 2633 771 2676 omnes
788 2623 893 2679 eodem
910 2621 1015 2678 ordior
1032 2620 1135 2692 scripti
1151 2625 1234 2694 rum,

246 2723 307 2784 quo
323 2723 408 2766 nuno
425 2711 573 2782 loquutur.
610 2709 686 2766 Nam
704 2726 779 2767 oum
803 2711 940 2769 Horatius
965 2712 1024 2766 tam
1048 2725 1140 2783 pauca
1163 2723 1232 2782 poe·

246 2802 325 2858 mato
342 2799 393 2857 vix
410 2802 525 2879 tomere-
538 2802 568 2856 et
586 2798 649 2856 sino
668 2803 747 2858 oerta
764 2802 877 2881 ratione
896 2801 1050 2872 digessisse
1069 2799 1148 2857 oredi
1164 2815 1233 2872 pos·

248 2890 288 2946 sit
306 2884 357 2970 (oi.
377 2890 525 2948 Heindorf.
550 2907 579 2963 p.
599 2884 697 2970 206),
726 2891 877 2964 probabile
901 2891 933 2946 fit
956 2893 1007 2946 aut
1033 2891 1232 2960 argumentum

240 2997 316 3037 -eum
334 2982 384 3037 aut
402 2981 617 3055 compositionis
642 2983 756 3054 tempus
780 2980 953 3054 respexisse.
990 2979 1161 3050 Argumenti
1184 2995 1232 3036 ra·

248 3069 357 3128 tionem
374 3070 503 3129 habitam
521 3087 585 3128 esse
602 3086 688 3126 nemo
707 3071 800 3127 adhue
819 3070 917 3128 docuit
933 3084 988 3127 neo
1001 3069 1131 3127 docuerit
1148 3071 1232 3128 facile

159 3153 169 3170 “
223 3229 227 3234 ¹
249 3162 408 3236 quisquam
451 3164 492 3220 At
516 3164 641 3218 aetatem
664 3161 696 3218 in
721 3161 880 3239 secundae,
905 3163 1024 3235 quartae
1049 3164 1080 3218 at
1103 3160 1232 3218 decimae

249 3252 367 3312 sedibus
385 3255 546 3327 respectam
563 3251 663 3330 vides,
686 3253 756 3309 inde
767 3256 807 3330 xut
825 3252 903 3310 idem
920 3254 953 3308 in
972 3269 1024 3309 sex
1047 3253 1166 3325 reliquis
1190 3254 1231 3309 sa·

249 3344 329 3400 otum
346 3361 410 3401 esse
428 3361 488 3402 non
505 3345 648 3402 immerito
667 3344 829 3402 oonoludas.
860 3344 950 3419 quue
968 3343 1041 3417 ipsis
1059 3358 1153 3415 poene
1170 3343 1231 3402 VV.

249 3433 314 3489 DD.
340 3425 600 3508 computationibus
629 3438 816 3510 probaretur,
843 3433 901 3490 nisi
924 3433 1055 3508 plerique
1079 3431 1232 3505 septimum

250 3521 368 3579 satiram
386 3523 513 3581 omnium
530 3526 654 3600 primum
679 3526 815 3599 scriptam
839 3539 904 3580 esse
929 3523 1130 3599 opinarentur,
1150 3521 1232 3593 justo

250 3609 382 3685 cupidius
405 3612 535 3669 Massoui
560 3613 740 3684 conjecturae
765 3611 831 3693 (vit.
856 3613 926 3669 Hor.
951 3630 980 3688 p.
1001 3613 1132 3669 47—50.
1152 3618 1183 3670 ot
1199 3631 1229 3688 p.

250 3697 315 3783 69.)
333 3701 510 3780 adstipulati,
530 3719 604 3778 quaa
622 3703 701 3762 uuila
717 3720 750 3761 ro
768 3703 957 3763 oonfirmatur.
995 3705 1057 3764 Neo
1076 3704 1231 3780 quidquam

248 3795 366 3855 omnino
382 3795 485 3876 rideo,
504 3795 582 3872 quod
599 3810 681 3854 meae
700 3795 859 3856 sententiae
876 3796 971 3874 possit
995 3795 1091 3870 objici.
1130 3798 1230 3856 coeb-
