2790 4566
559 213 564 224 1

526 243 529 260 ι

561 309 766 376 “w‘'

174 475 252 532 Suet.
271 473 321 532 vit.
342 473 420 548 epod
445 472 538 532 Richt.
566 490 594 548 p
620 475 657 530 62
684 490 725 548 sq.
756 477 786 531 ct
813 473 962 534 Kirclmer
991 474 1022 532 in
1050 477 1161 550 quaest.
1248 523 1253 534 ,
1293 519 1295 528 ,

248 657 294 714 De
313 659 419 734 aetate,
438 672 497 730 que
517 661 592 718 ortis
606 659 742 731 poeticae
759 592 842 734 iiber,
861 659 921 714 ιιι
908 673 970 729 Jem
982 657 1059 733 epod
1072 657 1163 726 Quin

173 748 216 805 til.
237 748 304 804 inst.
325 763 367 806 or.
386 745 421 825 8,
434 749 461 804 3.
482 751 512 804 et
530 748 729 820 grammaticos
748 747 839 825 audit,
860 749 1034 823 compositus
1055 750 1103 826 sit,
1121 749 1164 806 nil

175 839 261 913 plene
280 839 440 896 constare
431 854 557 911 mgenue
575 840 723 897 fatendum
742 843 794 896 est.
824 841 883 897 Αιιι
903 841 1040 898 extremis
1059 843 1164 913 poetae

137 976 139 990 .
174 931 258 988 annis
278 945 345 988 eum
363 930 538 1008 adscribunt,
558 931 608 988 alii
628 931 736 1002 vigenti
751 932 854 988 eeteti.
891 933 1002 990 Neutra
1022 933 1165 988 sententia

175 1022 337 1079 confirmari
356 1025 452 1097 potest
470 1023 556 1080 certis
575 1022 744 1081 rationibus.
764 1023 922 1080 Posteriori
940 1026 1037 1080 tamen
1049 1024 1165 1097 propte·

174 1130 232 1171 rea·
244 1113 335 1186 magis
355 1115 448 1190 faveo,
469 1113 546 1188 quod
565 1115 703 1174 Horatius
718 1115 780 1186 jam
798 1117 911 1174 metum
930 1118 1026 1172 aetate
1038 1113 1078 1170 de
1089 1129 1165 1172 com·

175 1203 325 1278 positione
337 1205 435 1279 operis
454 1207 539 1279 quale
558 1193 618 1264 hoo‘
632 1208 677 1263 est
696 1207 838 1280 cogitasse
863 1205 994 1278 videtur.
1025 1205 1070 1264 Ite
1088 1205 1166 1262 cuim

177 1296 292 1371 scripsit
310 1297 419 1361 insat.
441 1297 468 1373 1,
489 1297 515 1354 4.
535 1297 598 1356 63.ι
1188 1299 1190 1303 ’

322 1389 470 1446 Hactenus
489 1389 576 1448 haec:
596 1392 676 1449 ottus
689 1390 801 1462 justum
820 1391 860 1448 sit
877 1405 969 1448 necne
987 1405 1110 1466 poema3
1131 1423 1136 1441 ι

323 1480 407 1538 Nunc
425 1479 497 1537 illud
514 1483 627 1540 tantum
645 1498 782 1557 quaerum
800 1486 873 1540 eset.
934 1523 936 1526 -

176 1569 281 1628 Errant
300 1571 350 1645 qui
368 1573 461 1627 artem
480 1573 624 1644 poeticam
648 1575 686 1631 ed
710 1573 902 1648 posteriorem
926 1573 1114 1647 epistolarum
1131 1571 1166 1630 li·

176 1661 259 1719 brum
278 1664 415 1719 referunt
453 1663 528 1720 Nem
546 1667 579 1720 ut
597 1665 753 1739 seperatim
771 1679 837 1720 cem
855 1667 885 1719 et
903 1663 1018 1721 diverso
1037 1667 1168 1737 tompore

176 1754 313 1827 scriptam
323 1753 486 1827 editamque
504 1756 600 1830 putes,
620 1771 685 1812 cum
703 1753 891 1822 Quinctiliani
909 1753 1065 1811 auctoritas
1085 1769 1168 1828 seps-

176 1845 262 1900 ratim
288 1859 353 1900 eam
371 1843 515 1900 laudantis
534 1846 677 1922 postulat,
702 1849 764 1902 tum
784 1844 913 1916 sejuncta
932 1845 1169 1918 epistolarumet
1201 1879 1203 1884 .

176 1933 248 1992 artis
267 1934 399 2008 poeticae
417 1922 449 1992 iu
468 1934 550 1994 codd.
571 1935 665 2014 sedes,
684 1935 835 2013 quaejam
854 1935 1077 1994 Scholiasterum
1096 1938 1168 1993 tcm-

176 2043 248 2102 pore
273 2025 407 2085 obtinuit.
445 2027 512 2084 Non
535 2028 613 2086 enim
637 2031 746 2086 temere
772 2027 921 2100 collegeris
946 2043 984 2084 ex
1009 2026 1069 2104 eis,
1094 2043 1169 2101 quae

176 2121 353 2176 annotarunt
371 2117 410 2175 ed
435 2119 520 2194 epist.
540 2119 575 2196 2,
600 2118 628 2176 2.
648 2119 712 2177 215.
738 2110 882 2199 (Tempus
901 2117 982 2176 abire
1001 2117 1062 2176 tibi
1080 2115 1168 2200 est):

172 2213 271 2287 „ostro
298 2213 332 2269 ιιι
359 2207 423 2282 fine
452 2213 552 2285 operis
577 2209 694 2270 detine
721 2211 850 2287 disputat
876 2207 991 2287 vitae,“
1030 2210 1169 2285 epistolas
1289 2209 1290 2220 ¹

178 2301 209 2358 in
238 2317 337 2380 eornm
365 2303 579 2378 exemplaribus
607 2307 785 2376 postremum
813 2303 908 2363 locum
945 2301 1091 2360 habuisse.
1131 2333 1169 2346 -

179 2392 327 2450 Kirchner.
352 2392 384 2449 in
402 2397 514 2468 quaest.
543 2391 572 2471 5.
597 2393 643 2451 71.
670 2393 829 2451 secundum
853 2393 1040 2467 epistolarum
1063 2391 1170 2450 librum

177 2499 236 2540 unu
254 2499 320 2542 cum
338 2486 400 2540 arte
418 2485 534 2558 poetice
553 2483 711 2557 seperatim
734 2484 866 2551 exhibite
890 2487 957 2557 post
981 2484 1093 2541 obitum
1118 2484 1168 2541 de·
1230 2471 1233 2478 Χ

153 2623 156 2629 s
178 2589 257 2632 mum
275 2577 380 2648 poetae
400 2575 577 2646 &volgatum
596 2589 660 2632 csse
680 2574 819 2652 conjecit,
844 2573 876 2630 id
894 2572 972 2685 quod
989 2589 1044 2632 neo
1062 2589 1170 2646 negare

168 2681 233 2723 ¹nec
251 2665 403 2722 affirmare
410 2667 512 2725 ausim.
719 2709 723 2720 .

253 2755 404 2825 Quartum
422 2757 594 2816 σαιιιιιιιιιιιι
605 2716 754 2820 uolumen
776 2757 914 2816 Horatius
940 2755 1099 2828 Augusti
1085 2773 1171 2827 Jussu

178 2847 325 2923 prioribus
344 2845 460 2924 adjecit,
479 2850 512 2904 ut
530 2847 727 2922 privignorum
746 2848 809 2921 eius
824 2847 960 2904 victorias
972 2847 1085 2906 Tiberii
1093 2849 1170 2905 Dru-

180 2941 262 3014 sique
282 2937 458 3016 celebraret,
488 2942 564 2996 teste
578 2941 708 2998 Sueten.
736 2939 787 2998 vit.
816 2939 886 3013 Hor.
907 2937 936 3018 5.
957 2939 1002 2997 10.
1039 2938 1171 3001 Eandem

180 3046 241 3088 rem
258 3015 490 3088 narrent'Schol.
510 3029 612 3092 Acten
630 3030 668 3088 ed
686 3030 733 3090 od.
754 3033 782 3108 4,
804 3031 845 3089 1.:
883 3031 1053 3108 „Statuerat
1077 3032 1170 3096 Hora-

180 3122 238 3178 tius
256 3137 348 3196 usque
367 3122 405 3178 ad
424 3122 541 3180 tertium
559 3122 665 3180 librum
684 3124 827 3210 complere
846 3139 929 3198 opus.
940 3139 1039 3199 suum,
1065 3123 1170 3198 quibus

57 3215 58 3220 ’
180 3212 267 3271 editis
286 3213 413 3270 maximo
431 3213 583 3294 intervallo
602 3213 679 3272 hunc
703 3217 836 3287 questum
865 3214 992 3273 scribere
1020 3217 1066 3272 est
1093 3230 1170 3271 oom-

180 3304 280 3376 pulsus
298 3302 336 3361 ab
355 3304 542 3376 Augustum
566 3303 682 3361 leudem
705 3305 831 3379 privigni
856 3306 902 3362 sui
920 3305 1009 3362 Drusi
1033 3303 1170 3380 Neronis,

180 3395 231 3469 qui
250 3395 342 3454 victor
361 3395 397 3452 de
417 3395 517 3452 Raetis
537 3393 567 3450 et
585 3395 743 3454 Vindelicis
767 3397 861 3458 meret
885 3392 1052 3472 reversus,“
1072 3395 1168 3453 Schol.

181 3487 369 3564 Porpbpvsm
387 3487 474 3545 ibide
493 3486 584 3562 „Post
604 3490 977 3562 consummatoscdetoeque
988 3490 1047 3564 tres
1067 3487 1169 3544 carnu-

180 3593 249 3636 nnm
267 3579 356 3636 libros
374 3577 501 3636 maximo
519 3578 672 3645 intervallo
689 3579 764 3635 hunc
779 3578 885 3636 librum
892 3578 1028 3652 quartum
1041 3579 1169 3636 scribere

181 3669 344 3743 compulsus
358 3669 540 3728 esse-dicitur
558 3669 595 3727 ab
607 3671 753 3748 Augusto,
772 3672 805 3727 ut
823 3670 933 3732 Neroni
952 3669 1015 3742 ejus
1034 3669 1167 3744 privigno

181 3760 331 3818 victoriam
373 3761 409 3818 de
451 3760 553 3818 ithetis
594 3759 751 3820 Vindelicis
781 3761 958 3835 vquaesitam
998 3761 1166 3837 illustraret,

181 3866 257 3924 quae
275 3850 330 3908 hoc
347 3850 422 3910 libro
441 3849 634 3911 continetur.“
654 3854 684 3908 et
703 3853 796 3910 Sobel.
820 3853 907 3928 Orco.
926 3850 1014 3910 ibide
1034 3851 1167 3928 „Statue-
