2758 4544
603 227 827 292 -40-=

358 387 711 468 ,cotidianorum-
672 392 1200 466 *monetaneum-

362 485 471 559 melu,
490 490 519 541 et
533 485 702 556 lactucis
718 488 798 540 tcto
816 483 1042 540 contahitur
1059 485 1180 544 urbcd’
1272 544 1276 551 ,

214 573 336 632 Etiamsi
359 574 457 644 igitur
472 573 536 630 aliis
561 574 649 632 satira
672 561 759 636 nimis
783 572 857 632 acris
882 575 913 628 et
935 571 1057 630 mordax
1080 567 1124 655 (v.
1145 575 1200 656 l.,)

215 663 279 722 aliis
299 664 410 722 sineri
430 667 460 720 et
478 663 617 735 gravimte
636 663 770 720 videatur
794 679 875 740 esse,
901 662 1047 720 etiamsi'
1034 681 1084 734 Jus
1108 665 1166 722 et
1152 683 1201 736 Ju-

115 755 118 767 '
214 753 321 812 dicium
339 753 508 812 minitentur
526 754 575 812 alii
594 748 685 832 (1.2.
703 748 782 834 81),
807 753 858 812 alii
877 754 1010 812 exsilium
1027 755 1076 812 vel
1093 757 1201 814 laveris

210 844 354 915 iacturam
377 862 528 920 procerum
551 845 678 904 virorum
703 845 895 902 vaticinentur
912 839 956 926 (v.
975 840 1139 934 59-61.)ι
1156 850 1201 904 ta·

214 952 281 994 men
299 954 334 994 ea
346 938 443 994 omnia
455 953 486 993 se
500 953 602 1010 parum
621 953 743 1012 curare,
757 936 864 1010 quippe
883 935 934 1009 qui
953 936 1085 994 Caesaris
1103 940 1200 1010 patro-

214 1027 290 1084 cinio
310 1029 461 1103 etplausu
479 1031 590 1086 fruatur
607 1030 638 1084 et
657 1028 760 1100 dignos
778 1030 889 1086 tautum
913 1027 1077 1101 opprobriis
1101 1032 1202 1103 carpat

208 1123 346 1196 ,meyer
363 1121 453 1194 ipse>
466 1111 509 1196 (v.
530 1119 610 1178 83-
616 1113 687 1199 85..)

276 1212 368 1278 Quae
388 1227 453 1268 cum
471 1211 567 1268 omnia
585 1211 627 1268 ita
646 1211 755 1284 scripta
773 1210 847 1287 sint,
872 1213 905 1267 ut
929 1213 1032 1284 poetae
1051 1210 1201 1270 consilium

121 1348 125 1357 ,
183 1349 185 1351 .
214 1318 250 1359 ca
267 1302 299 1358 in
317 1305 485 1360 cunctorum
503 1301 672 1375 adspectum
689 1289 838 1375 lucemque
857 1301 1021 1376 proferendi
1031 1317 1091 1360 non
1108 1301 1202 1376 possit

212 1393 272 1450 n'on
290 1409 445 1468 apparere:
465 1393 530 1467 quis
549 1393 667 1450 tandem
692 1393 805 1452 dubitet
829 1393 947 1458 satiram
971 1393 1102 1451 absoluto
1125 1392 1201 1450 libro

212 1484 354 1557 prooemii
377 1485 441 1542 loco
466 1483 595 1541 additam
619 1502 700 1562 esse,
726 1487 764 1540 ,ut
790 1487 852 1540 tum
876 1499 979 1541 caussa
1007 1483 1077 1542 novi
1104 1483 1201 1558 operis

178 1609 180 1614 ·
213 1576 244 1629 et
261 1577 365 1648 poetae
385 1576 536 1635 consilium
555 1577 782 1651 explicarentur,
802 1575 890 1632 tum'
881 1574 974 1649 miqui
992 1591 1132 1652 rumores,
1151 1573 1202 1648 qui

212 1664 327 1723 libroI.
348 1665 428 1724 edito
446 1667 678 1744 increbruerant,
695 1661 906 1740 rejicerenturl
1205 1671 1207 1676 ’

285 1757 389 1834 Restat
412 1749 445 1814 ut
468 1759 536 1815 libri
560 1759 582 1816 L
610 1759 728 1816 satiram
754 1758 798 1816 10.
831 1739 976 1832 epilogum
1006 1773 1071 1814 esse
1101 1715 1202 1832 paren

167 1881 169 1887 ·
214 1829 380 1920 significem.
435 1850 542 1906 Merito
572 1851 731 1906 Weichert
764 1848 800 1905 de
831 1850 899 1906 Var.
931 1852 963 1904 et
995 1849 1075 1908 Cass.
1100 1865 1129 1922 p.
1148 1847 1201 1904 49.

140 1939 148 1950 ’
213 1955 278 1996 eam
297 1939 372 1995 dixit
392 1939 554 2012 apologiam
573 1940 734 1996 studiorum
752 1937 975 2011 poeticorum,
965 1953 998 1992 m
1015 1953 1090 2010 quae
1109 1940 1202 1996 Hora-¹

212 2028 270 2086 tius
296 2029 333 2086 ad
356 2029 428 2087 illud
452 2044 544 2101 usque
569 2030 683 2100 tempus
707 2027 879 2084 incubuerit
924 2026 1043 2084 Orditur
1066 2026 1202 2085 adelen-

152 2181 159 2188 ,
214 2119 294 2175 sicne
309 2117 413 2190 'judicii
432 2118 469 2174 de
488 2118 599 2176 Lucilio
618 2119 651 2174 in
668 2119 726 2176 Sat.
747 2119 773 2174 4.
794 2119 878 2194 lacti,
898 2117 975 2192 quod
993 2117 1128 2192 permulti
1146 2117 1202 2174 ini·

198 2205 269 2282 'que
295 2209 428 2264 tulerant.
467 2208 535 2265 Istis
561 2208 650 2279 igitur
673 2207 778 2266 Lucilii
802 2209 1024 2266 admiratoribus
1050 2211 1081 2266 et
1107 2223 1201 2266 novae

176 2350 180 2361 ,
212 2299 309 2373 poesis
329 2299 461 2356 osoribus
486 2299 626 2375 illudens,
641 2313 738 2381 «qnam
756 2316 825 2358 vere
840 2300 1024 2376 judicaverit,
1044 2299 1075 2358 in
1092 2301 1201 2372 maiore

213 2391 329 2461 eclogae
348 2393 431 2464 parte
450 2391 562 2464 probat.
600 2393 673 2449 'l'um
693 2409 711 2448 a
729 2409 756 2449 v.
771 2392 815 2449 72.
835 2393 878 2450 ita
895 2392 1017 2452 inflectit
1030 2408 1201 2467 samonem,

212 2483 261 2558 ut,
281 2481 350 2538 dum
368 2486 500 2540 accurate
521 2483 724 2558 eleganterque
745 2484 897 2542 scribendo
909 2499 1050 2541 summam
1068 2483 1203 2556 scriptori
1314 2519 1318 2526 ·

184 2588 188 2596 ¹
212 2572 327 2633 laudem
347 2573 540 2648 quaerendam
565 2591 629 2631 esse
654 2574 782 2632 ostendit
800 2606 839 2618 ·-·
861 2591 920 2632 non
938 2574 1113 2634 turbacsed
1130 2591 1202 2648 pau·

213 2678 312 2721 corum
331 2664 564 2738 eruditorumque
583 2666 722 2724 lectorum
739 2698 778 2710 —
795 2667 873 2724 viam
897 2666 954 2726 sibi
973 2669 1083 2724 sternat
1101 2665 1202 2747 adto-

212 2754 271 2811 tius
292 2755 397 2812 satirae
417 2772 565 2814 summam.
603 2757 730 2815 Insulsas
754 2759 834 2830 vulgi
858 2759 1053 2816 vellicationes
1071 2757 1113 2814 ait
1131 2772 1152 2836 a
1168 2773 1201 2812 se

212 2861 250 2902 ne
270 2846 353 2904 flocci
372 2844 490 2918 quidem
507 2848 639 2904 habitum
652 2847 703 2906 iri.
741 2851 898 2906 Fautorum
922 2849 1019 2920 potius
1038 2846 1200 2903 doctorum·

174 2949 271 3008 ·‘que
289 2935 446 2992 amicorum
464 2938 596 3009 plausum
616 2956 647 2994 sc
675 2955 822 3010 quaerere.
861 2938 956 3004 Quem
979 2939 1006 2994 si
1028 2939 1199 2994 consecutus

134 3019 143 3046 ’
213 3025 316 3100 luerit,
335 3025 478 3080 cumulate
497 3026 554 3082 sibi
573 3028 752 3084 satisfactum
771 3043 844 3084 esse.
881 3027 1022 3104 Proinde,
1041 3028 1092 3086 ubi
1105 3028 1200 3101 splen·

213 3113 312 3172 didam
335 3116 479 3171 lautorum
504 3131 638 3172 coronam
663 3116 846 3191 ev.81sq.
873 3118 1199 3192 quapareratcbser·
1311 3193 1315 3201 k
1368 3123 1369 3160 ³

213 3205 312 3286 santia
330 3205 527 3283 compellavit,
547 3207 641 3282 pergit
660 3225 678 3264 a
695 3225 723 3264 v.
743 3208 806 3266 98.“ι

360 3327 398 3340 ·-
415 3298 525 3372 nullm
541 3299 632 3374 boec,
649 3306 722 3357 sunt
737 3302 977 3378 qualiacunque,

361 3387 503 3447 deridere
520 3392 623 3465 eadm,
642 3389 792 3450 datuurus
793 3433 806 3467 ,
824 3395 1010 3466 apameam
1024 3411 1078 3468 spe
1165 3401 1167 3404 '

360 3474 500 3538 neceam
516 3488 628 3538 noenu.
665 3484 813 3558 Deam,
830 3489 932 3560 teque,
952 3485 1069 3560 tapetes,

363 3571 586 3644 Dmclpulorum
603 3579 681 3632 tuter
692 3573 789 3646 jubeo
804 3576 929 3647 plorare
946 3577 1112 3634 colbedrua.

361 3661 393 3736 I,
408 3678 502 3738 puer,
521 3671 612 3738 alque
630 3681 695 3724 neco
714 3668 791 3724 ιίιιιι
808 3666 884 3726 baec
901 3667 1055 3725 colomba
1073 3667 1193 3726 libella..

212 3753 371 3835 Quorsum,
392 3753 494 3814 amabo
513 3757 559 3832 te,
578 3755 649 3815 haec
668 3751 819 3830 spectanti
858 3757 916 3816 Cur
933 3759 1070 3832 patrorms
1086 3760 1116 3816 et
1127 3759 1197 3816 ami·
