2790 4566
561 265 779 342 ..119-

318 429 476 504 lnrpcriam
495 423 629 507 Oceano,
649 433 754 488 tamam
774 431 824 506 qui
842 431 980 489 terminat
999 433 1098 510 astris.

319 523 433 597 Julius,
455 538 476 578 6
494 537 606 596 moyen
626 525 789 581 dcmtscctm
807 539 917 582 comen
934 526 1017 582 Joto.

170 616 272 688 Neque
297 629 367 671 vero
392 613 428 669 de
453 614 528 669 Jano
554 606 690 670 obserato
715 615 822 688 tacuit,
855 614 923 670 sed:
954 609 1094 690 „Dirae”
1122 613 1166 670 in·

171 706 234 780 quit
252 724 280 763 v.
300 705 381 762 293.:

346 833 348 839 ι
466 825 505 840 -
523 799 610 854 dirae
626 793 709 868 ferro
728 801 758 855 66
775 797 970 870 campancae
989 799 1084 855 666666

322 887 509 968 6666666666
528 886 597 947 reta
612 895 728 960 portae.
1131 889 1133 892 ’

169 976 281 1045 Quodsi
300 978 389 1050 igitur
408 979 513 1056 satira,
539 979 575 1036 de
601 990 659 1052 qua
683 977 811 1055 agimus,
837 979 904 1046 ante
924 993 1051 1052 pugnam
1066 979 1164 1036 Actia·
1263 1042 1271 1066 ⁴

167 1085 232 1126 com
257 1069 287 1127 et
312 1073 379 1144 post
404 1087 430 1127 a.
456 1066 520 1126 766.
548 1070 656 1144 scripta
686 1073 746 1146 666,
778 1069 966 1126 vehementer
996 1085 1099 1127 vereor
1126 1081 1164 1126 ne

166 1158 599 1238 verumvideritGrotefend„
626 1161 675 1234 qui
694 1162 712 1217 l.
733 1161 752 1218 l.
773 1155 838 1218 cam
858 1163 901 1217 ott
920 1177 991 1218 aare.
1013 1159 1091 1218 722.
1110 1177 1163 1217 re·

166 1249 249 1329 tulit,
274 1256 430 1327 propterea
457 1249 590 1329 quidem,
618 1253 695 1326 quod
720 1247 943 1329 praecedentem
967 1251 1116 1326 exceperit
1134 1253 1165 1308 et

142 1410 148 1418 Ι
166 1343 354 1401 antecesserit
373 1345 504 1418 proxime
525 1347 702 1418 sequentem.
741 1342 920 1418 Improbavit
944 1334 999 1399 hoc
1020 1343 1165 1400 Obbarids

165 1433 197 1490 in
216 1431 338 1492 Seebod.
358 1437 443 1494 Jahn.
465 1440 495 1493 et
513 1437 605 1493 Klotz.
626 1435 721 1492 annal.
737 1436 798 1495 ¹v01.
826 1435 870 1492 15.
890 1452 919 1508 p.
939 1435 1003 1510 62,
1027 1434 1164 1490 nimirum

164 1525 277 1602 vnigari
297 1526 459 1582 adhaerens
478 1527 625 1602 opinioni,
646 1543 684 1584 ex
703 1509 761 1601 qna
782 1525 900 1582 satiram
919 1527 986 1600 post
1011 1539 1077 1582 ann.
1097 1525 1162 1582 723.

164 1617 258 1672 ortam
278 1617 416 1673 statuunt.
455 1585 501 1674 666
519 1616 676 1673 Weichert.
697 1633 725 1689 p.
746 1616 797 1672 rel.
817 1633 846 1689 p.
867 1617 931 1673 346.
951 1618 1011 1671 not.
1033 1615 1078 1672 11.
1098 1631 1163 1671 eam
1270 1640 1274 1647 -

163 1723 190 1764 6.
211 1708 293 1782 726,
311 1709 430 1765 Passer.
451 1711 512 1764 not.
534 1707 598 1764 146
619 1710 649 1762 66
667 1707 785 1763 Kirchn.
812 1706 871 1764 t.ab
898 1706 958 1763 chr.
979 1723 1005 1762 a.
1026 1705 1089 1762 725.
1111 1705 1162 1762 ad·-

164 1799 411 1872 seripserunt.
446 1798 598 1855 Heindorf.
618 1815 647 1871 p.
668 1798 732 1856 370.
753 1815 779 1855 a.
800 1799 900 1856 619-
906 1777 952 1854 21

238 1978 401 2036 §Am
424 1979 486 2036 Vl·
517 1981 609 2056 „Hoc
635 1984 731 2039 erati
730 1998 753 2039 a
719 1982 871 2040 666666)
889 1981 1016 2036 aetatem
1036 1979 1081 2034 sat
1100 1993 1161 2051 cer-

142 2065 202 2127 ffis
221 2071 336 2128 indiciis
355 2072 463 2146 prodit.
501 2071 608 2130 Narrat
633 2075 721 2146 poeta
750 2091 768 2130 a
797 2089 823 2129 v.
847 2071 893 2129 51.
927 2065 1183 2143 unumquemque

163 2163 238 2240 iera,
259 2164 309 2236 qni
329 2163 386 2222 sibi
405 2163 509 2220 obvius
529 2163 583 2240 sit,
603 2181 642 2221 ex
661 2183 692 2221 se
713 2177 852 2239 quaerere
872 2163 928 2218 itas

509 2256 557 2332 „0
576 2256 652 2313 bone
671 2251 761 2335 (nam
780 2259 810 2312 66
882 2254 884 2264 ’

311 2347 407 2423 Scire,
427 2348 498 2404 deos
518 2349 654 2418 quoniam
673 2349 793 2422 propius
814 2347 973 2421 contingis,
994 2337 1128 2424 oportet)
1247 2399 1249 2404 .
1305 2399 1307 2404 .

311 2441 468 2511 Numquid
487 2439 631 2494 deliacis
650 2429 785 2495 audisti?
804 2437 875 2512 „Nil
887 2436 1050 2508 equidem.'⁷
1077 2435 1116 2490 Ut
1128 2437 1160 2492 tu

205 2601 207 2606 Α
311 2529 432 2600 Semper
452 2527 510 2582 eris
530 2525 655 2583 derisor!
685 2527 747 2602 „At
765 2541 865 2581 omnes
878 2527 918 2581 Di
934 2525 1083 2594 exagitent
1101 2541 1158 2599 mc,

310 2621 342 2674 Si
361 2617 543 2690 quicquam.’⁷
576 2613 673 2684 Quidt
686 2617 830 2675 redditibus
839 2614 990 2688 promisso
1000 2613 1161 2688 1666666666

309 2710 446 2766 Praesta
468 2709 582 2766 Caesar
601 2723 643 2766 art
662 2713 707 2766 est
723 2711 806 2765 16616
824 2709 932 2765 tellure
952 2697 1126 2763 daturuai²²

160 2802 319 2862 Dacorum
337 2799 464 2874 mentio,
494 2811 569 2871 quae
594 2799 626 2853 in
652 2799 697 2853 his
723 2801 801 2853 iacta
825 2801 887 2872 666,
913 2796 1019 2869 probet
1038 2795 1158 2851 satiram

161 2893 249 2952 scribi
267 2909 327 2950 nen
345 2890 477 2964 potuisse
497 2891 565 2946 anto
584 2890 670 2945 finem
689 2906 715 2946 6.
736 2887 800 2944 723.
793 2929 818 2963 .,
839 2903 896 2960 quo
915 2887 1040 2960 primum
1051 2887 1157 2943 Roma·

159 2984 207 3043 nis
225 2999 291 3042 eum
309 2983 366 3044 61166
385 2999 433 3039 res
452 2981 515 3038 init.
553 2982 629 3040 Nam
648 2983 715 3038 ante
734 2995 861 3056 pugnam
879 2979 1028 3036 Actiacam
1047 2995 1064 3034 a
1086 2978 1157 3035 Gae-

161 3083 226 3134 sare
244 3075 318 3131 nihii
336 3091 447 3150 comm,
467 3089 542 3146 quae
562 3090 615 3147 per
634 3074 712 3144 legat
713 3077 745 3129 os
765 3070 930 3146 petiissent
949 3063 1049 3144 adepti
1064 3070 1156 3127 Anto-

159 3162 212 3224 ni'o
231 3183 312 3222 sese
322 3165 496 3222 addixerant
519 3167 549 3220 66
575 3168 675 3221 contm
697 3165 842 3222 Romanos
869 3179 948 3218 arma
974 3161 1158 3234 sumpserant
1268 3228 1273 3238 .

159 3253 293 3340 (116651,
312 3257 359 3313 22.
379 3257 449 3313 Hor.
469 3255 516 3310 od.
536 3255 570 3330 3,
590 3255 617 3312 6.
639 3249 757 3335 lsssq..)
797 3253 854 3310 Sed
873 3270 938 3310 cum
956 3252 1015 3324 ipsi
1033 3252 1110 3307 mter
1122 3265 1155 3304 66

160 3351 351 3425 dissiderent,
376 3363 436 3403 non
458 3361 633 3420 magnopere
658 3345 832 3416 adjuverunt
849 3342 1026 3418 Antonium,
1057 3341 1155 3412 capto·

159 3457 279 3516 samque
300 3439 417 3515 quidam
436 3455 501 3496 cam
514 3437 616 3494 Suevis
636 3436 774 3494 dimicare
794 3435 887 3494 coacti
906 3437 974 3491 sunt
983 3427 1062 3512 (Dio,
1072 3431 1091 3488 l.
1104 3423 1152 3510 1.).
1246 3437 1247 3447 ’

158 3533 329 3589 Manserunt
352 3535 450 3588 tamen
478 3529 615 3587 Romanis
642 3527 831 3585 infestissimi.
870 3527 946 3615 ilinc
971 3525 1095 3598 iactum,
1121 3523 1155 3576 ut

159 3623 287 3679 Antonio
307 3622 344 3678 ad
355 3623 472 3680 Actium
485 3623 621 3695 superato
633 3619 706 3692 jam
716 3625 848 3678 6666666
861 3635 944 3679 anno
959 3617 1036 3673 723.
1056 3615 1152 3670 motus

160 3713 279 3771 cierent.
298 3713 373 3780 Nam
384 3713 570 3783 AugustolV.
584 3712 767 3784 6666661666.
784 3709 941 3768 6666724.
966 3708 1007 3764 M.
1017 3707 1153 3764 crassum
1227 3753 1245 3761 ‚.

161 3821 227 3864 cum
244 3803 333 3863 Dacis
353 3807 383 3860 66
400 3805 550 3877 Bastarnis
568 3805 713 3878 pugnasse
727 3803 835 3862 diserte
846 3799 982 3877 perhibet
993 3798 1051 3858 Dio
1071 3795 1152 3853 Cass.
