2790 4566
574 249 779 316 -or-

185 411 335 491 ibodcret,
354 429 455 472 corum
473 415 628 476 clamorem
646 415 677 470 ct
694 412 908 478 criminationes
926 412 1054 476 nondum
1073 417 1170 476 coub-

184 509 297 563 taverat
316 507 386 563 satis
406 506 495 564 satira
512 507 607 574 tertia.
645 506 680 564 lu
692 520 749 579 qua
761 519 932 578 quamquam
943 495 984 566 dc
996 523 1066 566 vera
1084 508 1170 566 aesti-

184 597 283 656 maudi
306 597 514 672 iudicandique
540 599 670 674 ratione,
705 613 762 670 qua
790 595 921 655 homines
948 599 992 658 nti
1020 598 1170 676 deberent,

184 692 359 763 exposuerat
383 706 472 763 seque
496 689 529 746 in
553 685 750 764 cos'tantmu,
775 687 825 761 qui
843 689 945 746 notatu
965 687 1045 764 epu
1063 693 1170 767 esseut,

164 779 283 836 invehi
302 783 450 838 coufessus
469 783 533 838 erat
550 781 690 852 ingenue:
708 779 770 836 lieri
788 769 887 836 100000
898 795 957 837 000
968 783 1083 854 poterat
1101 782 1172 855 quin
1226 779 1230 784 '

84 889 90 917 ι
182 869 306 928 lectores
330 872 428 945 lepida
452 865 558 930 satirae
582 872 679 929 indole
704 871 903 944 immixtisque
929 871 1037 930 salibus
1060 871 1171 930 1001000

183 961 274 1018 animi
293 963 462 1040 eandorem,
487 980 574 1038 quem
599 962 656 1022 sibi
675 961 818 1020 tribueret
834 963 988 1039 Horatius,
1008 963 1172 1020 simulatum
1271 1027 1283 1050 Ι

181 1053 281 1127 potius
301 1069 387 1127 quum
399 1071 499 1112 verum
512 1053 663 1112 crederent
674 1070 748 1110 esse.
787 1053 866 1120 Quin
883 1055 1059 1112 exstiterunt
1075 1054 1172 1132 etiarm

183 1145 234 1218 qui
258 1144 337 1201 laudi
361 1145 424 1217 ejus
448 1146 580 1220 poeticae
611 1145 807 1203 obtrectantes
832 1144 996 1222 Lucilium,
1015 1147 1172 1202 renovatae

183 1236 280 1308 poesis
299 1237 492 1315 conditorem,
517 1238 604 1309 louge
622 1238 802 1311 praeferrent
819 1253 854 1294 ao
871 1237 1015 1310 potioren
1033 1235 1170 1295 dicerent

182 1325 354 1404 liuju'smodi
374 1329 493 1399 judiciis
517 1328 634 1401 injustis
660 1343 731 1387 saue
750 1330 781 1384 ct
798 1327 906 1402 ineptis
925 1331 1084 1386 commotus
1103 1328 1172 1386 scri·

182 1417 241 1490 psit
265 1420 403 1476 Horatius
428 1421 547 1487 satiram
572 1419 616 1495 4.,
647 1420 680 1475 10
703 1433 762 1493 qua
785 1434 845 1476 uon
868 1421 901 1476 ut
928 1419 961 1478 in
986 1419 1173 1494 praecedeuti

182 1509 307 1581 ingenua
325 1509 457 1568 candoris
477 1511 523 1568 sui
541 1509 720 1567 confessione
739 1509 842 1582 poesin
861 1527 944 1568 suam
962 1511 1102 1588 defendit,
1121 1509 1173 1568 sod

182 1589 240 1677 ita,
265 1603 298 1657 ut
322 1604 384 1658 tum
408 1599 445 1658 de
470 1601 565 1674 pretio
589 1598 756 1656 Lucilianae
781 1601 878 1672 poesis
908 1601 1081 1676 dissereret,
1110 1604 1172 1660 turn
1285 1597 1287 1616 '

181 1705 280 1748 veram
290 1707 368 1750 cuae
378 1692 476 1766 poesis
488 1690 615 1748 indolem
634 1692 664 1746 et
681 1688 815 1746 naturam
834 1705 872 1746 ex
889 1691 1172 1764 pristetiraeomum

180 1781 331 1844 comoedia
349 1783 380 1838 et
398 1781 503 1840 Lucilii
521 1780 664 1856 poematis
676 1781 880 1851 conformatae,
900 1795 1039 1854 suumque
1051 1781 1084 1840 in
1102 1783 1171 1842 scu,

182 1871 279 1931 hendo
304 1873 456 1936 consilium
484 1876 514 1929 ct
543 1885 653 1928 morem
679 1871 818 1928 Romanis
846 1871 887 1929 ob
912 1872 1010 1930 000100
1041 1876 1170 1945 poneret

13 1979 14 1990 ¹
105 2025 109 2032 ,
182 1962 229 2019 lte
246 1963 335 2034 igitur
353 1963 486 2036 graviore
503 1961 662 2020 insidiosae
680 1961 900 2031 malevolentiae
918 1966 948 2020 et
965 1962 1172 2036 obiurgatiouis

181 2053 273 2111 veluti
290 2055 420 2112 remedio
444 2053 575 2112 adhibito
599 2055 808 2112 obtrectatores
827 2071 895 2112 suos
913 2056 1044 2114 refellere
1064 2059 1095 2111 ct
1112 2071 1172 2114 non

67 2145 72 2157 “
182 2146 242 2202 tem
260 2147 365 2203 erroris
384 2131 471 2221 quam
489 2146 685 2204 clandestinae
704 2144 832 2208 invidiae
850 2161 1008 2218 coarguere
1026 2147 1145 2206 studuit.
1175 2192 1178 2204 .

93 2245 96 2258 '
255 2237 369 2296 Nollem
394 2237 483 2309 igitur
506 2238 663 2296 Weiebcrt
690 2231 790 2318 (poet.
815 2238 867 2296 rel
887 2255 916 2312 p.
935 2238 1000 2295 202.
1020 2238 1084 2296 204.
1104 2239 1169 2298 300.

182 2327 247 2384 453.
273 2331 303 2385 et
328 2329 364 2385 de
389 2331 456 2396 Ver.
482 2331 513 2386 ct
539 2330 618 2386 cass.
643 2345 673 2402 p,
694 2322 763 2410 44.)
789 2332 904 2390 secutus
923 2329 1082 2408 Spobnium
1100 2326 1168 2407 (ed.

181 2419 266 2476 Jahn.
285 2435 314 2492 p.
334 2418 422 2499 254.)
444 2421 583 2492 temporis
602 2420 732 2476 ordinem
751 2420 905 2480 tertiaeet
924 2423 1043 2493 0000100
1063 2421 1169 2479 satirae

181 2509 224 2574 ita
251 2511 435 2586 invertisset,
463 2512 496 2566 ut
520 2509 595 2566 hane
623 2510 674 2566 illa
698 2509 825 2582 priorem
849 2509 972 2568 heberet
991 2514 1021 2572 et
1039 2515 1170 2584 quartam
1268 2546 1272 2552 -

182 2599 300 2672 quidem
318 2617 371 2672 per
386 2603 526 2657 aestatem
544 2600 614 2658 anni
632 2599 717 2676 715„
742 2598 860 2658 tertiam
871 2599 990 2664 incaute
1004 2600 1086 2656 ·‘anno
1104 2602 1168 2660 716.

182 2690 319 2762 scriptam
338 2705 403 2746 esse
422 2690 617 2766 existimaret,
644 2705 796 2764 perperam
815 2691 1013 2752 consentiente
1031 2691 1170 2752 Passeris

180 2781 213 2838 iu
230 2779 281 2841 vit.
299 2783 352 2838 not
371 2780 434 2838 100.
474 2780 529 2838 Gui
543 2780 654 2851 judicio
672 2786 706 2836 ut
724 2782 767 2838 nil
784 2784 870 2855 plane
889 2784 983 2857 iavet,
1002 2782 1045 2844 ita
1062 2783 1169 2861 osset,

181 2870 260 2952 quod
277 2871 429 2930 Horatium
449 2871 511 2944 jam
534 2871 618 2946 plura
643 2871 843 2946 composuisse
861 2870 1010 2950 oportuit,
1028 2889 1100 2936 0010
1124 2891 1169 2936 se·

183 2958 269 3035 tiliam
287 2965 313 3022 4.
335 2963 490 3041 scriberet,
509 2967 586 3032 teste
602 2981 631 3022 v.
650 2965 712 3022 200
1154 3037 1158 3050 1

243 3083 284 3130 ,1
331 3056 403 3114 cum
426 3071 497 3114 mea
519 3071 606 3113 nemo
629 3059 742 3130 scripte
766 3055 843 3128 legat
869 3056 955 3128 uulgo
985 3057 1107 3120 recitare
1131 3062 1168 3122 ti-

181 3147 196 3184 -'
262 3147 279 3199 b.
575 3148 681 3206 mentis
700 3147 738 3204 ob
757 3145 831 3206 hanc
849 3141 927 3224 rem3

182 3218 257 3293 etr.
281 3236 342 3298 ib:
750 3293 753 3301 .

328 3327 415 3387 Nulla
433 3327 554 3385 laborm
570 3343 653 3387 meos
670 3327 777 3386 habeat
794 3343 889 3403 neque
907 3328 968 3401 pila
985 3331 1108 3392 libellos.

181 3419 229 3478 Ex
245 3418 404 3477 Weicherti
429 3434 498 3475 vero
524 3419 689 3491 conjectura
712 3422 829 3494 praeter
847 3419 999 3493 septimam
1017 3423 1048 3480 et
1066 3439 1167 3486 secun.
1270 3454 1272 3459 ,

183 3509 248 3568 dam
265 3510 330 3568 libr.
350 3510 373 3568 1.
392 3509 500 3566 nullam
517 3512 633 3568 iecerat.
671 3510 793 3568 Etiamsi
811 3510 900 3582 igitur
917 3511 1007 3568 nolim
1024 3529 1165 3593 premere,

73 3642 77 3652 .
172 3600 333 3666 ,Horatium
356 3599 464 3673 majore
483 3598 550 3671 jure
575 3601 611 3657 dc
638 3601 753 3675 scriptis
778 3601 838 3658 suis
862 3601 942 3677 loqui
969 3604 1114 3683 potuisse,
1140 3605 1185 3664 si*

183 3693 251 3756 ante
275 3692 302 3749 4.
324 3690 386 3762 jam
407 3691 450 3768 2.Ι
463 3695 494 3752 et
517 3693 544 3748 3.
570 3693 731 3776 composuit
754 3725 792 3738 -
822 3709 890 3752 uam
913 3696 1165 3768 persuasissimum

183 3780 255 3840 mibi
280 3784 340 3858 est,
363 3782 506 3856 permulta
527 3784 666 3852 Venusini
684 3785 768 3862 ,vatis
791 3789 926 3860 poemata
948 3786 1057 3848 Romae
1082 3787 1163 3852 iuno·
1225 3875 1229 3892 Ι
