2782 4558
549 313 763 382 -reoe

161 487 255 542 tutum
281 501 345 542 csse
369 483 467 558 ipsurn
493 479 674 557 Augustum,
702 477 894 556 pulcherrime
922 475 1020 538 statim
1035 473 1150 546 'ineis

162 577 212 652 qui
231 570 392 651 sequuntur
409 573 543 631 versibus
553 569 705 631 declarat:

308 669 368 724 Vos
388 661 542 724 Gaesarem
560 667 666 740 citum,
679 662 789 720 militia
808 660 893 720 simul
943 684 946 693 ¹

309 757 417 816 Fossae
436 756 572 814 cohortes
587 754 717 812 reddidit
734 752 876 828 oppidis,

377 847 477 906 Finirc
497 849 685 921 quaerentem
702 844 818 903 labores

471 937 568 996 Pierio
586 938 725 994 recreatis
745 939 845 1012 antro,
929 931 931 938 ’

12 1021 13 1036 ’
121 1064 124 1074 ·
163 1031 199 1088 dc
219 1029 323 1105 quibus
341 1039 370 1088 v:
387 1031 504 1087 Passer.
522 1030 574 1087 vit
593 1033 653 1086 not.
671 1029 736 1085 253.
747 1055 786 1072 -·
797 1026 933 1103 Inprimis
952 1011 1153 1085 commendant

161 1123 304 1180 rationem
322 1137 416 1178 meam
434 1139 484 1178 vsi·
496 1120 533 1176 42
553 1136 611 1196 sq.,
635 1120 687 1204 ubi
698 1119 744 1176 dd
760 1119 847 1175 bruta
865 1135 966 1176 eorum
989 1121 1153 1179 temeritate

162 1214 304 1289 loquitur,
333 1213 427 1285 quia
451 1212 544 1269 Musis
569 1211 657 1267 ationi
681 1209 797 1266 mitiora
822 1209 942 1266 consilia
967 1214 1105 1284 spernant
1124 1213 1154 1266 et
1269 1247 1279 1263 .

163 1304 200 1361 ad
218 1303 344 1362 nemnda
361 1301 509 1376 quaelibet
527 1303 666 1359 audacter
684 1301 831 1358 molienda
850 1302 977 1375 prompti
1000 1296 1154 1376 paratique

161 1393 316 1468 impiorum
335 1409 471 1452 ausorum
489 1409 598 1468 poenas
617 1395 700 1450 luant
718 1393 912 1464 gravissimas.
956 1393 1034 1460 Quid
1055 1387 1156 1450 enimi
1234 1448 1236 1454 ,

164 1487 236 1544 Cum
260 1502 286 1545 a.
314 1485 377 1544 728.
411 1487 566 1555 Cornelius
590 1485 640 1541 iile
667 1481 792 1559 Gallus,
823 1483 952 1558 Aegypti
970 1487 1156 1559 praesum,
1227 1545 1246 1550 ,‚

163 1577 210 1632 cui
228 1577 266 1634 ob
284 1576 430 1647 ingratum
450 1578 480 1630 et
498 1575 671 1632 malevolum
694 1575 822 1630 murrum
846 1574 995 1644 Augustus
1012 1575 1106 1632 ¹domo
1124 1579 1156 1631 ct

162 1667 320 1741 provinciis
340 1667 400 1724 suis
419 1665 586 1742 interdixit,
605 1665 724 1738 propria
741 1679 828 1723 manu
853 1665 975 1738 perierit
1008 1659 1083 1748 (Dio
1107 1665 1155 1742 53,

56 1779 59 1787 ¹
162 1759 209 1834 23.
227 1759 329 1832 ibique
349 1759 467 1832 interpr.
486 1757 578 1814 Sturr.
591 1757 647 1812 vol.
658 1756 706 1814 VI.
718 1773 747 1830 p.
760 1755 805 1812 82.
817 1756 945 1814 not'156
958 1771 1001 1830 sq.
1039 1758 1155 1814 Sueten.

162 1850 237 1922 Aug.
265 1851 310 1908 66.
340 1848 424 1906 Ovid.
448 1848 536 1906 Trist
560 1847 604 1924 11,
630 1848 694 1906 446.
737 1847 866 1915 Becker„
885 1849 996 1905 Gallus
1011 1849 1065 1906 voi
1084 1847 1106 1905 1.
1125 1864 1155 1920 p.

163 1941 208 1998 43.
228 1940 305 2018 sq),
325 1935 484 2014 eodemque
509 1943 640 2015 ternpore
658 1942 699 1998 M.
717 1941 869 2013 norimus
886 1935 989 2012 Rufio
1006 1943 1038 1998 in
1055 1939 1155 2009 Augu·

163 2035 241 2089 stum
260 2032 455 2104 conjuraverit
479 2031 551 2106 (Dio
569 2033 621 2109 53,
647 2032 693 2090 24.
742 2033 858 2091 Sueton.
885 2034 947 2091 Oct
974 2032 1048 2108 19.):
1076 2029 1155 2087 haud

130 2120 132 2125 ’
163 2124 223 2180 scio
242 2141 288 2180 an.
298 2124 451 2182 Horatium
469 2123 572 2180 harum
594 2141 692 2180 rerum
710 2129 846 2199 respectu
865 2125 965 2192 habito
982 2125 1040 2183 ista
1058 2122 1156 2182 omnia

163 2215 314 2288 scripsisse
333 2216 488 2274 admodum
506 2215 664 2274 verisimile
683 2217 730 2274 sit.
780 2218 865 2275 Certo
884 2215 995 2274 nemini
1012 2199 1074 2270 non*
1089 2228 1156 2288 per-

98 2343 99 2350 .
162 2306 252 2362 mirus
271 2309 307 2363 'et
331 2307 523 2382 perobscurus
541 2308 650 2382 poterit
668 2308 762 2364 videri
787 2308 923 2366 carminis
948 2303 1062 2382 exitiis,
1097 2305 1156 2362 nisi

162 2399 279 2470 poetam
296 2413 329 2452 re
348 2399 445 2470 aliqua
462 2414 565 2454 recens
583 2400 660 2455 iacta
684 2402 858 2455 commotum
876 2400 909 2455 in
927 2399 998 2454 talia
1016 2396 1155 2466 incidisse

160 2489 346 2544 5155155-
372 2488 526 2544 Caeterum
560 2488 597 2543 de
627 2490 759 2562 tempore
790 2488 876 2559 hujus
905 2488 1041 2544 carminis
1072 2499 1157 2542 secus

163 2578 307 2645 iudicatur
323 2579 418 2648 vulgo.
455 2577 583 2634 Masson.
607 2578 658 2634 vit
677 2595 705 2652 p.
726 2578 790 2636 131.Ι
806 2579 838 2635 id
857 2595 882 2638 a
901 2578 966 2636 721.
990 2577 1161 2652 adscripsit,

164 2683 221 2742 quo
239 2669 417 2725 bibliotheca
436 2668 596 2724 Octaviano
614 2669 731 2727 condita
750 2672 810 2746 est,
836 2669 918 2740 cujus
942 2669 986 2726 rei
1003 2665 1163 2726 Horatium

163 2759 331 2815 meminisse
350 2757 498 2815 contendit
516 2759 549 2814 in
566 2775 609 2816 vs.
634 2759 669 2814 37
691 2776 733 2833 sq.
775 2761 893 2832 Reliqui
916 2777 975 2816 una
999 2761 1060 2816 iere
1084 2775 1156 2815 voce

153 2850 201 2920 ‚ad
226 2867 251 2910 a
279 2851 343 2906 733.
362 2849 408 2906 34.
434 2852 464 2905 et
489 2849 534 2906 35.
558 2847 621 2922 (ita
640 2849 757 2907 Kirchn.
781 2850 840 2907 tab.
866 2849 925 2908 chr.
945 2853 981 2906 ct
1000 2851 1109 2907 Grotct
1127 2866 1157 2922 p.
1263 2895 1273 2917 ,

163 2938 227 2998 474.
247 2936 294 3022 b.)
312 2939 489 3017 retulerunt,
515 2939 626 2996 scilicet
650 2941 723 2998 falsa
748 2955 801 2998 sua
818 2940 931 2998 ratione
950 2955 1037 3016 quam
1056 2940 1093 2997 da
1112 2957 1157 2997 ar

161 3031 243 3089 boris
261 3033 347 3106 lapsu
365 3032 494 3089 inierunt
512 3031 637 3106 decepti.
675 3033 755 3098 Quos
774 3032 894 3089 meliora
917 3033 1033 3104 poterat
1053 3025 1162 3090 dooere.¹

160 3122 221 3192 jam
238 3138 314 3180 vers.
333 3124 379 3180 24.
394 3125 479 3199 ,βου
497 3127 632 3198 torridae
647 3125 793 3196 placuere
810 3120 940 3200 nanc»
964 3133 1052 3197 quem
1071 3123 1161 3180 antea¹

164 3213 267 3286 opinor
285 3215 417 3290 scripsit,
437 3215 572 3286 quam-ci
583 3213 708 3290 „Bajas
719 3217 813 3273 Musa
829 3229 1040 3287 mpmoocuua
1057 3201 1156 3270 Arcto-

163 3305 255 3362 ntud’
273 3303 416 3379 signaret,
442 3307 475 3360 ut
493 3305 583 3362 refert
603 3305 640 3362 iu
658 3305 743 3378 epist
766 3305 798 3382 l,
820 3305 864 3362 15.
884 3305 911 3361 3.
931 3318 1008 3360 anno
1026 3305 1059 3364 ut
1077 3301 1159 3360 vidc-
1232 3307 1234 3312 ’
1343 3321 1348 3335 ¹

163 3397 211 3452 tur
229 3394 293 3452 731.
314 3394 482 3467 composita.
568 3477 571 3482 Ι

238 3575 419 3634 onim
442 3577 487 3634 V·
519 3579 636 3654 „Caelo
651 3563 846 3655 ‘tonantem‘
863 3563 974 3636 certum
997 3579 1045 3634 est
1069 3578 1156 3650 atquc

114 3656 118 3661 “
165 3663 285 3722 evidens
302 3683 362 3724 non
381 3669 521 3744 scriptum
540 3659 623 3748 e'sse,
643 3673 676 3727 ut
694 3665 781 3744 vulgo
806 3671 978 3745 opinantur,
1003 3669 1157 3742 postquam

165 3745 323 3814 aphraate
342 3759 424 3830 signa
443 3763 473 3816 et
491 3755 599 3835 captiri
620 3745 743 3820 remissa
761 3763 844 3820 erant
864 3775 940 3836 anno
958 3757 1022 3817 734.
1037 3752 1155 3837 (Kirch-

165 3863 226 3905 ner.
246 3851 357 3922 quaest.
375 3851 405 3925 p.
426 3851 472 3910 31.
492 3848 519 3929 §.
540 3847 611 3932 59.)
635 3857 686 3913 aut
705 3855 769 3912 735.
789 3848 939 3935 (Messon.
965 3850 1017 3910 vit.
1036 3849 1105 3907 Hor.
1125 3865 1154 3924 p.
