2782 4558
941 194 945 203 ,

596 215 601 224 ,
769 215 770 224 ,

463 253 468 266 ’
619 271 686 338 m

156 439 219 496 tum
242 432 405 512 exspectari
429 435 462 494 ct,
484 435 597 508 sperari
620 439 754 512 coeptum
779 452 843 494 esse
868 437 997 517 Romae,
1019 455 1083 508 cun
1108 441 1146 500 dc

156 527 322 600 Sygambris
340 525 483 600 superatis
500 527 596 584 nuntii
614 527 772 588 venissent.
809 528 884 586 Nam
907 531 1010 589 horum
1028 533 1145 608 potissi·

155 635 234 678 mum
252 619 478 690 subigendorum
496 633 600 676 caussa
617 621 648 674 et
665 621 699 676 ut
716 620 757 677 M.
777 619 987 679 Lolliicladem
998 627 1146 697 acceptam

140 695 303 785 'repararet
319 709 495 767 intGalliam
518 710 665 784 proiectus
690 714 771 788 erat,
797 712 985 789 etquidem,
1008 713 1144 776 siHora·

154 801 228 864 tium
246 801 380 858 audimus
399 797 464 880 (ud.
484 801 518 877 4,
538 801 568 860 5.
586 787 652 881 3)1Δ
916 831 923 850 ·

302 894 464 954 Moturum
478 894 609 952 reditum
627 892 773 966 pollicitus
792 892 910 952 Patrum
970 909 973 920 ·
1008 964 1010 981 1
1070 917 1072 927 ’

549 985 656 1066 Sancto
672 983 805 1042 conciis.

152 1075 219 1133 Jam
238 1091 303 1132 cum
320 1075 353 1132 in
371 1093 407 1134 co
426 1075 569 1152 carmine,
587 1075 625 1136 da
643 1091 702 1150 quo
719 1065 848 1153 31111113,
873 1077 1012 1136 victoriae
1038 1077 1074 1137 dc
1093 1080 1144 1152 Sy-

153 1166 282 1236 gambris
296 1168 464 1242 reportatas
482 1167 592 1224 mentio
610 1167 661 1244 fiat
678 1184 708 1224 v.
726 1167 763 1223 36
783 1183 841 1243 sq.,
867 1169 951 1226 facilc
974 1159 1147 1240 intelligitur
1203 1150 1215 1183 ²

152 1257 184 1314 id
209 1257 246 1326 ab
271 1258 395 1316 Horatio
418 1260 469 1314 aut
493 1259 559 1332 ipso
577 1275 604 1316 a.
629 1259 693 1317 738.
717 1260 768 1315 aut
785 1258 850 1316 739.
870 1260 947 1317 intor
965 1275 1145 1320 communem
1210 1315 1212 1322 .

111 1368 116 1374 ’
152 1349 263 1406 reditus
291 1349 540 1424 exspectationem
567 1349 694 1421 Augusti
723 1349 811 1425 scribi
841 1350 990 1428 potuisse,
1021 1353 1146 1410 fortasse

152 1441 219 1498 Juti
235 1440 363 1502 Antonii
378 1457 482 1517 suasu,
507 1441 548 1499 M.
569 1440 725 1498 Triumviri
746 1457 785 1498 ex
802 1441 906 1500 Fulvia
923 1439 982 1501 filio
1001 1437 1061 1520 (de
1086 1459 1145 1518 quo

152 1547 181 1588 v.
202 1531 285 1588 docte
305 1531 496 1588 disserentem
513 1532 671 1588 Weichcrt.
693 1532 729 1588 de
740 1534 808 1590 Var.
829 1535 859 1589 ct
872 1535 951 1590 Cass
962 1553 991 1608 p.
1005 1534 1061 1590 334
1074 1533 1144 1614 erp).
1167 1533 1171 1554 '

152 1623 191 1679 Et
208 1638 311 1681 revera
329 1638 365 1679 eo
383 1624 514 1695 temporo
532 1621 565 1680 id
583 1622 723 1696 scriptum
741 1639 823 1698 esse,
848 1638 903 1698 nec
926 1624 1088 1697 posteriore
1106 1657 1145 1682 -,-

152 1713 283 1788 plerique
303 1714 396 1789 enim,
416 1713 550 1788 sciant,
569 1712 867 1788 vanderb.,1<ircha
887 1729 915 1788 q.
935 1731 964 1790 p.
979 1711 1028 1772 33.
1048 1713 1076 1792 §-
1097 1717 1144 1774 61.

152 1807 186 1860 et
200 1804 313 1862 Weich.
339 1805 376 1862 dc
394 1807 462 1863 Var.
482 1807 518 1861 ct*
539 1803 620 1862 Cass.
639 1820 668 1878 p.
689 1803 753 1860 362.
772 1805 902 1862 scierunt
920 1805 959 1862 ad
977 1823 1003 1864 a.
1022 1807 1088 1864 141.
1105 1839 1145 1851 -

153 1894 194 1952 313
214 1895 315 1968 collige
334 1913 456 1953 mecum.
493 1895 621 1952 Primum
639 1895 665 1952 si
682 1894 820 1952 Horatius
839 1879 1008 1954 breviante
1020 1898 1155 1976 Augusti

152 1985 294 2064 reditum,
315 1988 365 2062 qui
384 1987 487 2044 incidit
504 1987 537 2044 in
556 1985 628 2044 dnos
647 1987 760 2061 priores
777 2002 893 2044 mensos
912 1989 981 2046 anni
994 1989 1057 2046 141.
1070 1982 1145 2068 (Dio

154 2077 202 2155 54,
222 2079 267 2136 25.
286 2079 415 2136 Masson.
435 2079 503 2140 Jani
527 2078 626 2152 templ.
652 2095 741 2135 reser.
765 2094 793 2151 p.
815 2072 916 2158 184),
935 2096 1052 2136 carmen
1071 2081 1145 2138 ceci-

121 2194 125 2200 ·
151 2167 259 2247 nisset,
283 2173 414 2245 proiecto
439 2170 598 2246 permirum
621 2167 716 2244 essetf,
742 2169 820 2242 quod
838 2169 1061 2242 Sygambrorum
1079 2173 1151 2229 tam.

151 2263 213 2317 tum
241 2261 630 2334 subactorummcminissct
656 2277 712 2318 nec
736 2259 794 2318 alia
818 2261 962 2332 tetigisset
990 2263 1144 2341 permulta,

151 2367 226 2424 quac
250 2353 398 2423 Augustus
423 2370 489 2410 cum
512 2353 545 2408 in
570 2351 726 2410 Germania
751 2355 782 2408 et
806 2353 901 2408 Gallia
925 2356 989 2410 tum
1009 2354 1144 2428 inprimis

151 2442 183 2498 in
201 2440 344 2514 Hispania
367 2445 466 2512 egerat
490 2436 643 2519 (111354,
668 2441 705 2496 23
717 2469 756 2486 -η
767 2435 842 2522 23).
877 2441 991 2500 Deinde
1013 2444 1075 2514 jam
1094 2445 1144 2502 aiii

151 2533 312 2590 rectissimo
325 2533 517 2590 observarunt
535 2531 621 2588 odam
633 2530 712 2588 haud
724 2531 811 2588 dubie
823 2531 904 2606 prius
918 2537 1065 2590 exaratam
1078 2551 1144 2592 esse

152 2639 239 2697 quam
257 2624 284 2681 4.
301 2626 332 2680 et
353 2625 397 2682 14.
433 2625 508 2682 Nam
519 2639 583 2682 cum
595 2623 628 2680 in
647 2623 693 2679 his
712 2623 803 2680 Drusi
816 2627 846 2680 et
858 2623 969 2680 'liberii
981 2609 1030 2680 res
1043 2627 1143 2696 gestae

150 2716 193 2772 113
217 2715 414 2791 celebrentur,
440 2731 539 2772 earum
563 2716 597 2770 ut
621 2714 713 2784 gloria
744 2713 781 2770 ab
805 2715 939 2786 Augusto
963 2719 1101 2789 tanquam
1125 2731 1144 2772 a

150 2805 288 2879 primario
306 2808 386 2863 ionic
405 2805 530 2878 deducta
549 2805 603 2882 sit,
623 2804 674 2861 vix
693 2803 819 2861 dubitari
843 2806 1038 2880 potest‘quin
1051 2802 1144 2864 Hora-
1224 2789 1246 2870 Α,

150 2899 209 2955 tius
229 2899 316 2956 etiam
334 2899 366 2955 in
385 2913 471 2956 carm.
490 2897 517 2954 2.
538 2897 663 2969 gloriosa
681 2895 831 2970 utriusque
850 2897 978 2970 privigni
995 2883 1144 2954 13113Αῇ-

151 2991 228 3062 gusti
247 2991 413 3048 celebrandi
432 3006 535 3047 caussa
553 2990 826 3075 commemoraturus
845 2987 964 3064 luisset,
984 2989 1010 3045 si
1028 2989 1060 3046 id
1077 2991 1146 3062 post

40 3069 43 3075 ’
150 3083 264 3138 3139.
291 3082 463 3157 scripsisset.
507 3082 650 3138 Accusata
677 3081 791 3157 omnia,
824 3096 898 3154 quac
928 3079 1144 3154 praedicatione

52 3247 55 3256 s
151 3171 238 3242 digna
262 3175 360 3249 orant,
386 3169 532 3231 enarr'avit
555 3172 638 3229 brevi
666 3175 734 3227 ante
762 3173 888 3231 reditum
915 3170 1040 3242 Augusti
1068 3185 1144 3226 anno

113 3281 118 3288 ·
150 3263 215 3322 740.
234 3265 360 3320 excunte
378 3264 410 3319 in
428 3279 515 3319 carm.
536 3263 564 3319 5.
581 3279 624 3318 vs.
645 3261 681 3317 25
700 3277 759 3334 sq.:
997 3330 1000 3336 Ι

226 3401 227 3404 ,
298 3353 370 3420 Quis
389 3353 528 3410 Parthum
546 3347 672 3424 paveatl
691 3351 756 3424 quis
776 3353 902 3421 gelidum
921 3344 1071 3421 Scythen?

159 3438 163 3450 '
299 3445 390 3522 Quis,
411 3443 581 3503 0111131113
598 3458 674 3517 quon
691 3445 818 3500 torridu
834 3443 968 3514 parturit

186 3602 188 3608 ¹
298 3537 405 3614 Fetus,
425 3535 563 3599 incolumi
581 3528 727 3592 Caesarei
747 3533 811 3606 quis
830 3536 909 3589 serae

132 3631 137 3638 ’
496 3627 608 3686 Bellum
627 3629 709 3683 curet
726 3619 861 3682 iberiae?

76 3779 85 3793 ,
151 3720 193 3777 At
210 3719 241 3774 in
260 3735 346 3777 canu.
366 3719 394 3776 2.
412 3719 490 3777 solos
509 3718 683 3790 Sygambros
703 3717 953 3794 commemoravit.
982 3717 1058 3774 Hinc
1077 3718 1144 3772 ante

151 3825 177 3868 a
196 3810 259 3867 740.
278 3809 310 3868 id
328 3811 468 3900 scriptum
487 3827 552 3868 esse
571 3809 651 3868 omni
669 3809 756 3901 modo
774 3808 923 3883 probatur.
960 3808 1029 3868 Noli
1047 3809 1145 3864 autem
1190 3854 1195 3862 s

515 3914 518 3918 ·
673 3901 676 3910 '
760 3917 762 3919 ·
909 3900 945 3956 14
1114 3956 1116 3964 ,
