2758 4544
460 231 756 318 ‘...›1p..„

160 421 183 464 e
200 407 318 480 pectore
329 405 491 470 evomuerit
501 410 533 464 et
551 405 678 484 „jaim
696 408 831 468 dentibus
844 413 929 472 aoer’'
947 417 1085 490 tanquam
1101 435 1151 487 ve-
1168 469 1170 478 .

162 497 283 558 bomans
301 498 386 572 lupus
405 499 437 563 in
454 493 686 574 unumquemque
705 500 842 560 audacter
858 503 990 566 invectus
1008 508 1041 566 in
1058 509 1150 570 homi·

159 603 233 648 num
249 590 329 650 vitiis
347 593 379 648 et
397 591 542 664 peruersis
561 589 666 654 studiis
678 592 781 654 acerbe
799 595 934 654 notandis
953 599 1074 662 acerbae
1092 602 1150 663 or-
1211 642 1215 648 -

161 684 250 764 tunae
268 682 404 742 solatium
422 684 454 740 et
476 681 609 770 leuamen
626 683 802 756 quaesiverit
814 683 868 767 ⁵¹).
899 687 983 746 Hanc
994 705 1065 750 vero
1081 707 1149 765 pro·

160 773 332 846 pensionem
362 773 401 832 ad
433 789 534 832 versus
567 773 745 852 fundendos,
781 790 856 851 quaa
882 774 1007 846 juvenili
1035 783 1149 845 terrore

159 856 226 944 (orl.
240 855 274 941 i,
295 864 340 922 16.
357 864 406 922 22.
426 866 456 921 et
474 864 520 922 od.
540 865 568 942 3,
590 865 634 924 14.
654 859 717 944 27.)
744 866 836 928 etiam
861 867 985 932 adaucte
1009 874 1070 947 est,
1088 889 1149 930 me·

159 954 218 1012 rito
242 955 340 1028 poluit
357 955 444 1014 Floro
468 955 628 1027 significare
653 955 793 1030 paulatim
811 958 973 1016 evanuisse.
1010 961 1086 1018 Nam
1103 963 1147 1023 in·

159 1045 240 1116 genii
256 1045 364 1104 letibus
382 1045 543 1106 claritatem
559 1051 663 1108 nactus
678 1064 936 1123 aerumnarumque
955 1050 1046 1109 veluti
1064 1069 1147 1126 prae-

82 1186 84 1190 .
158 1136 249 1194 mium
272 1137 420 1212 propriam
448 1137 548 1196 sedem
576 1155 641 1197 cum
668 1139 730 1196 vita
754 1141 785 1197 et
810 1144 888 1198 sorte
913 1140 1039 1202 humana
1063 1143 1148 1217 quasi

158 1228 360 1286 reconciliatus
388 1231 452 1288 erat
480 1232 510 1286 ct
538 1229 652 1288 mitiore
681 1232 817 1290 utebatur
845 1231 940 1290 auimo
969 1234 1000 1289 et
1024 1231 1145 1304 judicio.

157 1317 259 1394 ltaque
284 1322 317 1378 ut
340 1320 423 1378 miles
442 1319 491 1378 ille
510 1322 690 1397 recuperatis
710 1338 784 1395 quae
803 1322 973 1396 perdiderat
990 1322 1075 1384 bonis
1093 1341 1148 1382 no·

141 1406 212 1467 luit
229 1427 345 1470 rursum
362 1411 482 1470 dubium
499 1413 578 1470 vitae
597 1413 753 1472 discrimen
772 1413 870 1494 subire
886 1415 1018 1488 quamvis
1036 1415 1148 1474 laturus

157 1502 328 1560 meritorum
350 1503 497 1576 praemia:
527 1505 570 1561 ita
593 1504 731 1564 Horatius
757 1520 789 1561 se
814 1505 970 1563 abhorrere
996 1506 1149 1564 confitetur
1218 1491 1222 1497 ’

157 1595 220 1650 tum
238 1611 256 1651 e
273 1593 391 1652 Bioneis
411 1593 591 1652 sermonibus
617 1598 647 1652 et
665 1594 732 1652 sale
750 1594 850 1671 nigro,
876 1596 981 1669 quibus
999 1596 1148 1655 hominnm
1169 1603 1174 1610 '

156 1683 231 1742 iram
258 1687 291 1742 et
316 1684 457 1742 invidiam
486 1685 580 1743 denno
609 1684 667 1742 sibi
692 1686 869 1742 conflaturus
894 1686 949 1761 sit,
978 1688 1041 1744 tum
1063 1687 1148 1746 vela

156 1775 334 1833 carminibus
352 1776 469 1846 lusoriis
482 1773 654 1849 scribendis,
673 1774 751 1846 quod
764 1774 855 1851 „anui
873 1777 975 1832 euntes
988 1776 1149 1850 eripuerint

151 1866 252 1943 jocos,
271 1867 430 1942 Venerem,
451 1865 598 1942 convivia,
617 1861 749 1922 ludum“

212 1958 309 2016 -Haec
328 1959 391 2014 sola
407 1955 720 2032 locilamigeratirsimi
744 1955 964 2034 interpretatio,
989 1972 1065 2032 quae
1086 1973 1147 2016 ma-

155 2065 245 2123 gnum
256 2049 389 2106 veritatis
401 2049 525 2106 fulcrum
536 2046 798 2123 adipiscitnriude,
818 2047 896 2119 qnod
906 2047 1021 2121 poetica
1032 2047 1147 2106 Horatii
1243 2051 1246 2056 “

154 2141 319 2198 rudimenta
337 2157 406 2197 ”³¹⁸⁰
426 2155 574 2198 “mnes
599 2142 629 2196 θῒ
649 2138 764 2210 jambos
786 2139 877 2198 misse
897 2139 1019 2217 scimus,
1044 2157 1147 2198 verum
1237 2157 1239 2162 ’

154 2231 284 2289 ostendit
310 2231 481 2310 impulsum,
510 2247 569 2306 quo
595 2224 734 2289 Horatius
763 2229 801 2286 ad
828 2231 933 2304 poesin
959 2231 1146 2290 factitandum

153 2325 279 2398 primum
295 2323 398 2380 ductus
418 2326 472 2380 est.
511 2325 692 2396 Quamquam
704 2321 773 2395 quid
791 2316 914 2394 loquort
952 2322 1145 2388 Quemadmo-

155 2413 225 2472 dum
242 2429 301 2470 non
319 2417 379 2470 tam
397 2417 488 2471 fames
501 2417 531 2470 et
550 2415 671 2470 externa
689 2411 798 2488 inopia,
820 2425 908 2485 qnam
920 2411 987 2485 ipsa
1003 2413 1055 2470 illa
1072 2414 1146 2470 lata·

153 2504 464 2581 lismiseriaetclades,
477 2501 1145 2575 acerbasortiaricissitudoindcqueenatasol·
1238 2547 1241 2560 .

153 2585 1146 2668 licitudoacdesperatiocandidumllorat'iianimumpnpugerunt,fo·

155 2683 298 2760 dicarunt,
317 2684 541 2742 exacerbaruntr
559 2686 601 2743 ita
610 2701 793 2759 nequaquam
803 2685 960 2764 paupertas
973 2681 1023 2740 illa
1037 2681 1144 2758 audax,

220 2852 266 2916 51)
282 2852 321 2900 Cf.
338 2849 409 2915 epod.
425 2850 471 2912 1³,
489 2851 513 2900 9.
545 2851 607 2901 Fide
623 2849 740 2915 Cyllenea
760 2847 885 2899 Levare
907 2848 988 2898 diris
1011 2852 1145 2912 pectore

153 2918 442 2970 sollicitudinibus.
458 2942 492 2954 -
515 2919 567 2968 Sat.
585 2920 609 2979 2,
626 2917 652 2968 1.
670 2920 685 2966 -l
703 2932 738 2979 sq.
766 2915 806 2965 Ne
822 2917 923 2977 faciam,
939 2916 1026 2979 luquls,
1043 2915 1145 2964 Omnino

153 3000 247 3036 versus.
268 2984 321 3048 Ajo.
344 2984 446 3034 Percam
468 2985 542 3046 male,
571 2987 592 3034 si
614 2997 662 3034 non
678 2983 800 3047 Optimum
817 2987 883 3045 erat,
900 2995 1006 3032 verum
1023 2989 1145 3044 nequeo

153 3051 298 3103 dormire.
319 3047 350 3100 V.
366 3052 407 3103 1⁰.
423 3055 467 3102 aut
494 3053 520 3101 ri
549 3055 659 3104 tantus
687 3063 771 3100 anor
798 3049 963 3100 scribendi
991 3053 1023 3100 te
1050 3048 1144 3114 rapit,

152 3119 215 3168 aude
232 3123 295 3168 caet.

152 3198 193 3233 ers
208 3188 274 3251 poet.
289 3181 348 3234 105.
381 3211 415 3221 -
430 3212 464 3222 -
480 3185 574 3234 Tristia
588 3187 706 3233 moestum
781 3176 784 3184 ’

299 3249 397 3299 Vultum
413 3253 488 3300 verba
504 3252 598 3310 decent,
614 3252 701 3300 iratum
717 3249 790 3312 plena
805 3250 930 3309 minumm,

300 3316 435 3366 Ludentem
450 3319 551 3376 lasciua,
567 3331 679 3365 severum
695 3316 762 3364 seria
778 3314 853 3363 dictu.

300 3383 399 3432 Format
415 3384 478 3432 enlm
495 3387 581 3431 natura
598 3383 665 3446 prius
682 3396 726 3429 nor
743 3382 808 3429 intua
825 3380 858 3428 ad
874 3394 966 3430 omnem
1028 3413 1033 3426 .

299 3450 459 3500 Fortunarum
475 3451 593 3507 habitum3
606 3451 678 3512 juvat
694 3451 736 3495 aut
751 3447 852 3509 impellit
867 3447 900 3496 ad
916 3448 984 3508 lton,

300 3518 349 3566 Aut
364 3517 396 3565 ad
412 3517 506 3567 humum
521 3529 630 3566 moerore
646 3515 716 3578 gravi
734 3513 832 3561 deducit
849 3517 874 3562 ct
890 3515 972 3576 angit3
991 3567 995 3574 ,

299 3583 361 3633 Post
378 3584 475 3633 effert
491 3584 587 3633 animi
604 3586 705 3631 motus
718 3580 904 3643 interprete
928 3581 1044 3644 lingua.

153 3641 220 3709 Virg.
238 3647 328 3712 Georg.
344 3649 370 3710 1,
386 3649 458 3701 lle:

299 3715 362 3764 'l'urn
379 3717 462 3766 variae
478 3730 568 3765 venere
583 3717 657 3773 amer,
674 3714 743 3762 labor
759 3714 838 3762 omnia
854 3713 915 3762 vicit

301 3782 426 3846 lmprobua
443 3787 468 3832 et
484 3783 551 3832 duris
567 3795 657 3845 urgens
672 3781 697 3828 in
714 3780 788 3829 rebus
804 3783 915 3841 egmtan

898 3856 942 3915 2*
