2790 4566
621 151 828 268 -mo-

227 355 281 445 51,
299 367 346 426 23.
362 381 369 387 ·
383 367 429 424 Ita
455 365 625 436 intelligitur
653 366 782 424 curiosos
811 365 942 424 homines
972 384 1009 426 ex
1035 369 1158 429 Horatio
1188 372 1224 429 de

227 441 316 518 Dacis
335 474 395 515 non
413 461 480 514 ante
500 473 564 514 ann.
579 456 643 516 723.
656 458 997 533 quaesivisseppotuisse
1017 463 1115 524 autem
1134 479 1224 536 quae·

228 567 292 608 rere
311 551 367 608 fine
386 551 414 606 h.
436 567 462 607 a.
835 603 838 610 .

302 641 413 699 Eodem
438 642 568 715 tempore
593 658 688 698 sermo
714 659 778 699 esse
809 640 939 716 potuerit
969 658 1090 718 necessa
1117 648 1163 704 est
1188 649 1227 707 (ια’
1317 700 1322 710 x

226 737 362 806 praediis
385 748 467 808 quaa
495 733 609 826 Caesa(
633 735 777 792 militibus
799 735 976 805 protusata.
1015 735 1061 791 Ita
1078 752 1150 792 vero
1169 723 1224 794 est.

228 826 388 882 Nemeum
408 825 515 880 Caesar
533 827 600 898 post
618 841 745 899 pugnem
770 823 920 882 Actiacam
945 827 976 882 et
1001 842 1079 902 eos„
1094 827 1144 899 qui
1170 828 1235 900 sub¹

127 923 129 933 '
227 915 356 974 Antonio
375 915 584 990 militaverant,
612 920 642 972 et
666 933 736 972 vero
762 915 851 972 etiam
869 932 937 971 suos
956 915 989 972 in
1007 917 1122 974 Italiam
1136 918 1224 992 dimi-
1272 957 1281 972 ,

229 1007 332 1083 sisset,
350 1023 406 1063 neo
425 1007 475 1065 ulli
495 1007 653 1080 quidquam
672 1006 817 1082 dedisset,
837 1009 870 1064 ut
888 1010 979 1070 refert
997 1009 1055 1065 Dio
1076 1010 1156 1067 cass.
1176 1010 1223 1086 51,

228 1099 267 1175 3.,
288 1098 458 1176 gravissima
475 1101 679 1154 veteranorum
698 1098 803 1157 seditio
822 1098 854 1156 in
872 1098 959 1163 Italia
977 1102 1042 1156 orta
1056 1102 1111 1176 est,
1132 1117 1223 1176 eaque

228 1192 325 1266 tanta,
355 1192 388 1246 ut
419 1190 482 1263 ipse
507 1189 546 1246 ad
570 1189 894 1264 eam'oompesoendam
912 1188 1010 1248 media
1038 1191 1133 1248 hieme
1153 1208 1222 1254 anu.

168 1262 175 1283 ⁵
228 1280 381 1339 723-24.
401 1276 475 1360 (Dio
495 1280 542 1357 51,
562 1280 589 1338 4.
608 1281 769 1355 μεσοῦντος
787 1281 841 1339 τοῦ
861 1282 1007 1359 χειμῶνος
1026 1275 1056 1340 ἓν
1075 1267 1104 1358 qi
1120 1276 1154 1339 τὸ
1174 1284 1224 1340 τέ-
1313 1279 1341 1348 ,’

210 1390 337 1448 ,ταρτον
354 1369 430 1446 μετὰ
449 1370 582 1450 Μάρκου
601 1371 746 1451 Κράσσον
765 1363 867 1456 ἦρχεν)
894 1390 931 1430 ex
947 1373 1020 1432 Asia
1037 1371 1223 1432 Brundisium

227 1466 375 1537 protectus
395 1463 494 1536 ibique
514 1467 705 1526 commoratus
732 1465 787 1540 sit,
814 1465 906 1522 donec
931 1464 1076 1522 desideria
1100 1465 1223 1526 militum¹

230 1555 366 1628 explevit.
406 1556 471 1624 Qua
502 1555 615 1618 ratione
641 1555 854 1635 stipendiorum
877 1556 1008 1630 praemia
1032 1555 1069 1612 iis
1095 1557 1223 1632 solverit,

230 1645 367 1703 discimus
387 1663 425 1703 ex
443 1643 632 1704 Dion.'Cas8.
652 1647 699 1723 51,
719 1647 763 1704 4.=
788 1645 962 1706 καῑαύτῶν
981 1644 998 1704 ὁ
1017 1645 1137 1727 Καῖσαρ
1161 1648 1225 1718 τοῖς

228 1735 284 1812 μὲν
303 1734 404 1809 ἄλλοις
419 1737 559 1816 χρήματα
578 1732 683 1809 ἔδωκε,
710 1739 775 1810 τοῖς
800 1733 833 1796 δὲ
859 1733 908 1797 διὰ
936 1735 1047 1809 παντὸς
1066 1736 1151 1815 αὐτῷ
1167 1753 1222 1798 σν-

230 1831 429 1906 στρατεύσασι
448 1831 509 1887 καὶ
534 1825 598 1905 γῆν
623 1833 865 1912 προσκατένειμε.
891 1826 976 1901 τούς
994 1826 1064 1912 γὰρ
1084 1826 1225 1907 δήμους

144 1939 145 1942 ’
229 1916 316 1990 τούς
341 1915 377 1978 ἓν
401 1923 437 1998 τῇ
452 1921 592 2007 Ἰταλία
611 1919 697 1993 ’τούς
716 1918 760 1988 τὰ
780 1922 845 1980 τοῦ
865 1920 1069 1988 Ἀντωνίον
1088 1919 1225 1999 φρονή-

191 2037 194 2044 ’
230 2025 368 2082 σαντας
394 2007 603 2090 ἐξοικίσας,
625 2014 705 2084 τοῖς
725 2012 792 2090 μὲν
814 2013 1069 2090 στρατιώταις
1095 2017 1161 2083 τάς
1185 2031 1225 2086 τε

229 2101 363 2172 πόλεις
381 2106 442 2161 και
461 2099 999 2183 τάχωρίααύτιῦνέχαρίσατο.
1013 2097 1173 2165 ἕκτίνωνδέ
1187 2099 1223 2176 δὴ

85 2174 95 2184 ’
124 2239 126 2244 .
229 2192 291 2262 τοῖς
318 2192 374 2268 μὲν
404 2194 522 2253 πλείοσι
553 2198 630 2274 τάμε
648 2192 834 2276 Διιρῥοὶχιον,Ι
866 2196 916 2252 καῖ
943 2190 1012 2264 τούς
1043 2191 1225 2266 Φιλίππους,

231 2279 309 2340 ἄλλα
327 2303 359 2342 τε
378 2279 503 2344 ἐνοικεῖν
527 2281 684 2350 ἀντέδωκε.
711 2289 773 2358 τοῖς
798 2282 831 2348 δὲ
855 2286 973 2364 imantia
998 2283 1139 2365 ἀργύριον
1158 2284 1225 2344 ἀντὶ

229 2375 280 2448 τῆς
294 2375 397 2455 χώρας
415 2375 450 2436 τὸ
468 2378 524 2455 μὲν
548 2376 659 2457 ἔνειμε,
684 2376 720 2439 τὸ
745 2374 774 2438 δ’
798 2377 954 2464 ὑπέσχετο.
981 2373 1073 2456 συχνοὶ
1092 2377 1147 2454 μὲν
1165 2374 1224 2457 γὰρ

228 2468 280 2524 και
298 2463 329 2524 ἐκ
347 2468 397 2541 τῆς
415 2475 493 2544 νίκης
512 2465 668 2544 ἐκτήσατο,
688 2467 793 2548 πολλῷ
811 2465 844 2529 δὲ
862 2468 1016 2534 ἔμπλειον
1036 2468 1225 2618 ἀνήκεστα-ν

121 2618 123 2634 ,
192 2625 206 2638 ,
229 2558 328 2616 Rebus
352 2561 394 2618 ita
419 2563 586 2638 compositis
614 2567 681 2644 post
706 2563 825 2634 triginta
844 2561 914 2620 dies
938 2555 1050 2638 (Dione
1075 2564 1104 2618 te
1122 2561 1151 2618 te
1176 2562 1224 2639 51,

229 2643 290 2729 5.),
310 2655 361 2707 aut
384 2657 453 2726 post
481 2660 593 2728 septem
621 2658 651 2711 et
679 2655 784 2726 viginti
812 2647 946 2736 (Sueten.
974 2655 1076 2712 Oetav.
1103 2647 1165 2735 172⁶)
1192 2653 1224 2710 in

228 2742 331 2798 Asiam
350 2745 498 2802 celerrime
522 2749 656 2804 revectus
682 2749 737 2805 est
774 2748 841 2804 iam
872 2763 938 2803 eum
968 2747 1033 2803 loco
1063 2746 1224 2802 Horatiano

189 2879 192 2885 ,
230 2834 351 2906 praedia
375 2835 508 2896 dieantur
530 2835 711 2912 Νομίοιο,
729 2841 861 2900 abactam
892 2841 981 2910 data,
1013 2834 1132 2896 dubium
1158 2851 1223 2890 esse

229 2926 331 2998 nequit
350 2927 420 3000 quin
439 2929 528 2986 satira
547 2931 608 2984 tum
628 2927 736 3000 scripta
756 2926 809 3000 sit,
835 2941 901 2984 oum
920 2925 1032 2986 dimissi
1050 2924 1157 2980 milites
1176 2926 1223 2988 tu-

144 3075 148 3083 „
229 3017 439 3078 multuarentur
457 3018 486 3074 h.
506 3035 531 3077 e.
550 3018 666 3074 labente
686 3033 713 3073 a.
733 3015 797 3071 723.
816 3016 887 3072 Jure
906 3017 1005 3071 autem
1023 3014 1147 3072 Romani
1163 3016 1222 3076 Hos

228 3109 336 3164 retium
359 3109 538 3178 interrogare
562 3109 714 3183 poterant,
740 3105 902 3164 Siculamne
927 3122 966 3163 an
989 3107 1091 3164 Italam
1116 3109 1224 3168 terram

230 3199 404 3257 Octavianus
424 3199 562 3261 militibus
583 3199 702 3256 daturus
722 3201 815 3274 esset,
841 3198 865 3256 ii
882 3198 1031 3276 inprimis,
1057 3198 1107 3274 qui
1130 3200 1223 3258 Anto·

228 3291 324 3348 ¹nianis
348 3291 479 3366 partibus
504 3293 651 3368 faverant,
683 3290 780 3347 fundis
805 3291 866 3371 ¹suis
891 3291 1027 3351 timentes
1048 3295 1078 3346 et
1101 3306 1220 3362 praesa·

230 3381 437 3450 gientesmala
455 3384 515 3460 illa,
534 3400 609 3458 quae
628 3399 705 3442 nova
724 3399 857 3456 agrorum
877 3381 1020 3439 divisione
1032 3382 1108 3436 facta
1118 3396 1222 3442 revera

229 3472 475 3544 perpetiebantur.

237 3559 239 3568 ’
304 3563 437 3635 Denique
463 3582 490 3622 a.
516 3567 581 3624 723.
606 3569 738 3639 vergenti
763 3565 877 3638 egregie
907 3562 1058 3639 convenit,
1089 3562 1167 3636 qaod
1191 3573 1220 3622 v.

229 3651 276 3710 38.
296 3652 514 3727 scriptumest:
553 3659 727 3733 ‚dommac
742 3659 804 3734 aa,
830 3671 923 3734 atara,
946 3655 1112 3714 Maecenas
1128 3659 1221 3730 aipaa
1284 3691 1291 3712 .

230 3742 380 3804 ιοΙιοΙΙιιὲί
410 3746 526 3804 Etenim
545 3751 725 3828 Maecenas,
748 3749 857 3810 nomae
881 3748 912 3805 et
930 3745 1032 3806 Italiae
1050 3749 1112 3804 tum
1136 3763 1219 3822 prae·

1067 4027 1077 4060 i
