2782 4558
548 263 553 282 .
643 289 850 387 ,Μ-

204 497 209 514 .
257 459 372 532 egregie
383 455 591 515 ratiocinantur
600 455 659 514 itur
677 457 814 514 Horetius
825 459 931 515 Janum
947 460 1066 544 tortum
1077 459 1242 518 obseratum
1313 443 1314 446 ¹

256 553 304 609 hie
321 550 461 625 respexit
498 547 588 621 Atqui
605 549 696 605 Janus
716 548 752 604 ab
777 550 909 620 Augusto
930 549 1048 605 tertium
1066 551 1178 608 clausus
1197 556 1244 609 est

257 659 333 702 anno
352 660 381 700 u.
400 659 423 698 a.
441 639 505 696 744.
530 639 577 713 (ut
594 639 748 712 probatum
771 640 826 696 ivit
849 641 975 696 Messon.
1012 641 1080 696 Jani
1097 643 1194 716 tempi.
1213 645 1243 718 ρ.

257 735 357 811 2087)
394 734 472 803 Ergo
491 745 607 788 carmen
626 746 679 789 sor.
698 748 724 787 a.
745 730 808 789 744.
846 731 939 801 cnjus
954 731 1144 788 ounolusionis
1157 748 1268 807 quem¹

258 841 348 902 prava
367 824 425 881 sint
444 823 556 893 singula
566 821 712 899 membra,
731 837 790 880 non
808 824 840 899 te
856 821 965 899 rugiet,
989 825 1119 882 euufflde
1142 823 1242 901 lector,

258 918 285 974 si
303 917 376 974 haee
394 915 720 990 meoumvreputaveris:
823 905 834 949 >
861 914 876 936 *¹

330 1099 362 1174 a)
380 1096 509 1154 Pessime
527 1097 670 1152 affirmant
688 1095 725 1154 ab
743 1095 864 1154 Horatio
883 1098 988 1154 Jannm
1011 1099 1096 1156 tertio
1114 1097 1243 1154 oleosum
1273 1102 1278 1114 '

256 1189 370 1265 respici.
409 1187 497 1259 Cujus
515 1187 560 1244 rei
577 1203 615 1243 ne
634 1187 698 1245 leve
724 1187 840 1260 quidem
864 1188 1019 1259 vestigium
1042 1188 1139 1244 verbis
1157 1189 1242 1246 inest

256 1283 347 1338 Immo
371 1295 437 1337 oum
465 1295 500 1336 eo
525 1281 670 1354 tempore,
696 1291 754 1351 quo
776 1277 831 1335 hoo
856 1293 972 1336 carmen
1002 1277 1069 1335 stilo
1097 1279 1241 1348 signatum

231 1368 235 1380 “
257 1389 321 1429 esse
338 1370 494 1428 verisimile
513 1372 568 1446 est,
587 1372 677 1426 Jenus
697 1370 734 1425 ab
758 1371 889 1440 Augusto
903 1370 964 1441 jam
988 1370 1034 1428 bis
1059 1369 1099 1444 (a.
1123 1370 1186 1429 725.
1211 1373 1242 1426 et

256 1455 336 1542 729.)
355 1461 469 1519 clausus
488 1461 580 1518 esset:
605 1463 658 1517 eut
675 1461 758 1517 fallor
775 1463 827 1518 aut
844 1461 909 1534 ipsa
926 1461 1030 1539 verba,
1048 1461 1152 1535 quibus
1170 1475 1241 1518 usus

256 1557 301 1611 est
318 1556 416 1630 poeta,
903 1562 906 1574 ’

554 1675 555 1678 ¹
613 1698 616 1708 ,
651 1643 728 1720 Tuo,
749 1645 865 1723 Caesar,
887 1651 972 1705 ustas

216 1719 220 1729 ’
320 1785 322 1792 ,
400 1735 511 1809 Fruges
529 1737 560 1793 et
578 1728 656 1807 s'gris
674 1735 775 1792 retulit
792 1737 927 1814 uberes,

400 1827 439 1883 Et
457 1827 540 1897 signa
557 1829 657 1883 nostro
674 1827 803 1884 restituit
820 1828 899 1904 Jovi,

449 1919 580 1990 Derepta
598 1917 770 1974 Parthorum
789 1917 922 1993 superbis

498 2007 644 2084 Postibus,
664 2015 695 2066 et
710 2025 843 2068 saeuum
861 1997 969 2068 duellis

391 2089 517 2156 *uanum
536 2099 655 2168 earnm
672 2103 790 2175 atauus,
809 2103 840 2156 et
858 2087 989 2156 ordinem

399 2188 521 2246 Rectum
540 2190 674 2259 evaganti
692 2191 774 2245 trena
793 2189 942 2246 Licentiae

448 2271 562 2356 lnjeoit,
582 2280 744 2352 emovitque
764 2281 873 2355 culpas,

498 2354 542 2428 Et
554 2373 670 2427 veteres
687 2370 836 2427 revotavit
854 2372 940 2427 artes.
959 2400 999 2413 -

251 2461 411 2519 luculenter
437 2461 594 2518 ostendunt
620 2461 660 2518 ab
685 2461 806 2519 Horatio
831 2462 1022 2533 significatum
1047 2477 1112 2519 esse
1135 2465 1240 2520 Jenum

251 2545 387 2627 Auguste
410 2555 579 2625 imperante
602 2553 777 2610 obseratum.
820 2555 887 2612 Non
910 2553 999 2624 igitur
1024 2553 1132 2609 eertum
1151 2567 1240 2625 quen·

252 2643 318 2698 dam
330 2659 438 2700 annum
448 2635 587 2718 respexit,
601 2658 659 2715 quo
668 2645 759 2701 Jenns
771 2645 906 2720 primum,
918 2643 1075 2700 seeundum
1086 2644 1240 2700 tertiumve

234 2733 372 2813 ·olausus¹
384 2734 481 2810 inerit,
501 2733 553 2790 sed
570 2733 728 2806 praecipua
745 2735 871 2806 Augusti
889 2735 999 2810 paoiflei
1018 2733 1130 2809 merita,
1150 2734 1240 2790 hono-

249 2839 308 2900 res,
328 2820 496 2882 ornamenta
514 2826 733 2881 enumeraturus
751 2825 828 2882 inter
846 2826 903 2884 alia
925 2827 993 2896 Jani
1017 2841 1131 2900 quoque
1149 2823 1239 2881 clausi

245 2913 325 2986 juste
344 2917 505 2988 meritoque
523 2914 662 2972 meminit.
702 2915 798 2982 Quare
820 2907 978 2989 pessimam
1001 2917 1075 2974 huno
1099 2915 1238 2988 temporis

193 3007 198 3021 '
249 3007 348 3060 notem
366 3004 470 3080 habeo,
490 3020 597 3077 exque
615 3004 645 3062 id
657 3008 770 3063 tantum
782 3006 886 3083 diseas,
906 3021 1022 3065 carmen
1040 3009 1108 3080 post
1125 3023 1152 3064 s.
1166 3005 1236 3062 ¹725.

217 3112 221 3126 ·
249 3097 398 3156 exaratum
417 3111 490 3153 esse.

321 3273 358 3361 b)
377 3279 436 3337 Sed
463 3281 509 3338 iao
532 3279 685 3363 Horatium
709 3282 784 3338 Jano
808 3281 927 3340 tertium
958 3282 1055 3340 olauso
1086 3279 1236 3356 soripsmse

247 3367 341 3426 odam.
379 3369 463 3428 Unde
482 3370 600 3428 tandem
617 3371 650 3429 id
668 3389 695 3429 a.
714 3372 779 3430 744.
798 3374 906 3430 tautum
924 3389 989 3430 esso
1007 3369 1134 3430 noruntt
1151 3371 1234 3428 Unde

245 3457 364 3516 undem
375 3459 540 3536 Massonus,
559 3477 617 3535 qno
629 3461 667 3519 ad
679 3477 768 3520 unum
779 3477 880 3520 omnes
897 3463 1067 3534 innituntur,
1085 3459 1117 3517 id
1133 3453 1236 3516 noviti

245 3545 335 3604 Panlo
359 3549 446 3607 altius
471 3565 534 3608 rem
556 3554 722 3624 repetamus
745 3569 866 3612 neeesse
891 3555 944 3610 est.
988 3552 1094 3607 Janum
1118 3549 1155 3608 ab
1174 3551 1235 3608 Au·
1314 3547 1318 3554 ’

245 3638 330 3718 gusto
348 3643 394 3695 ter
410 3639 500 3696 fuisse
520 3640 649 3699 clausum
666 3643 785 3703 tradunt
801 3645 921 3703 mecon.
948 3642 1023 3714 Aug.
1042 3641 1089 3700 22.
1109 3642 1139 3699 et
1149 3639 1234 3700 Oros.
1349 3647 1351 3654 '

243 3727 272 3804 6,
291 3727 337 3784 20.
364 3731 451 3802 atque
470 3729 566 3801 oolligi
589 3735 688 3807 potest
706 3751 744 3793 ex
762 3733 859 3793 verbis
877 3733 989 3810 fautu,
1012 3747 1088 3807 quae
1106 3731 1235 3790 serravit

244 3819 364 3878 Orosius
383 3819 474 3896 7,3.=
495 3821 647 3900 „Deinde,
671 3828 705 3882 nt
729 3825 826 3884 verbis
852 3825 979 3884 cornelii
1003 3823 1097 3885 aaut
1121 3822 1232 3898 loquar,
