2790 4566
631 335 673 350 ....
713 301 838 367 86,-

224 470 328 544 statim
345 466 489 545 produnt„
509 465 627 528 Acron:
645 464 784 543 „Tunicie
803 463 946 542 demissis,
965 465 999 520 dt
1018 462 1075 522 eibi
1092 464 1234 526 honestus

243 563 385 637 videaturt
425 558 592 634 composuit
611 561 707 616 autem
725 574 831 616 nomen
849 555 933 631 quasi
951 571 970 612 a
987 553 1234 632 pateantque-

244 654 352 722 thinus.
384 653 588 711 Maecenatem
606 653 719 724 tuoqc't:
736 646 981 708 vancosusenim
999 647 1064 724 tuit,
1085 649 1236 707 delicatior

245 739 276 801 et
307 740 448 801 solutus.“
486 741 651 818 Pcrptya:
678 739 774 820 '„Sub
804 739 940 798 Malthini
969 739 1086 796 nomine
1116 739 1235 813 quidam

244 834 444 892 Mecoenatem
475 833 657 906 suspicantur
687 829 857 908 significari}
889 830 927 888 ab
957 847 990 887 rc
1014 831 1234 890 tamen'finxit:

243 920 403 1000 μαλθακὸς
421 925 499 1002 enim
518 924 600 997 quasi
618 917 751 999 μάλακός
771 923 884 996 dicitur.
903 923 993 980 Porro
1012 923 1109 979 autem
1128 923 1234 980 tunicis

129 1021 136 1031 “
244 1015 377 1072 demissio
397 1014 543 1072 ambulare
568 1030 667 1072 eorum
691 1017 751 1092 eet,
777 1015 827 1088 qui
852 1031 883 1071 se
908 1013 1009 1070 molles
1035 1028 1069 1069 ac
1095 1011 1234 1071 delicatos

160 1140 172 1152 ι
243 1105 345 1164 habeti
376 1103 497 1164 velint.“
533 1107 629 1165 Scluat.
650 1105 755 1182 caca:
777 1105 946 1183 „Malthini
975 1103 1092 1160 nomine
1117 1103 1235 1178 quidam

118 1175 127 1204 ³
243 1197 444 1273 Meooenatem
468 1197 623 1270 significari
648 1197 830 1272 suspicantur
854 1192 949 1253 caet.“
987 1195 1088 1254 Aaron
1112 1195 1158 1251 ad.
1173 1196 1234 1253 Sat.

246 1289 274 1365 l,
292 1289 321 1344 2.
340 1289 387 1345 64.
407 1283 526 1369 (Villius
545 1289 577 1345 in
595 1282 737 1369 Fausta)=
775 1287 917 1366 „Semper
934 1285 1045 1344 ineerta
1062 1292 1116 1359 pro
1135 1286 1232 1344 centis.

244 1379 320 1437 Nam
343 1379 453 1437 Fausta
477 1377 572 1452 Syllae
598 1379 657 1437 filia
680 1379 713 1438 Τ.
739 1381 835 1438 Annio
859 1378 963 1435 Miloni
986 1379 1076 1450 nupta
1099 1377 1168 1453 luit,
1201 1380 1235 1434 ut

247 1487 336 1544 supra
354 1471 499 1544 exposuit.
537 1469 632 1529 Alibiz
656 1471 706 1529 Me
733 1471 825 1529 dulcis
850 1469 983 1535 dominae
1001 1469 1086 1525 Musa
1104 1467 1234 1524 Liciniae

245 1577 299 1636 pro
318 1562 471 1630 Terentiae
475 1581 488 1634 ,·
507 1565 537 1618 et
554 1560 724 1621 Multlatauo
741 1564 853 1622 tunicis
872 1561 1008 1620 comosa
1027 1560 1165 1618 ambulat
1181 1563 1234 1633 pud

245 1649 435 1723 Mccocaaa“
453 1651 590 1731 —2Hacc
609 1667 683 1726 quoe
702 1647 821 1711 tradunt
840 1653 1016 1712 Scholiastae
1027 1654 1061 1708 ut
1073 1649 1234 1726 probabilia
1297 1665 1304 1684 ·

245 1743 316 1814 flunt
335 1743 443 1816 insigni
460 1744 609 1800 nominum
635 1743 822 1802 sinilitudine
848 1748 878 1802 et
901 1743 966 1818 pari
985 1742 1158 1816 syllabamm
1181 1758 1235 1799 nu·

245 1850 326 1902 mero
351 1851 385 1893 ac
409 1829 619 1917 quantitate³):
651 1835 694 1892 ita
713 1838 797 1893 extra
814 1825 929 1893 omnem
947 1837 1006 1892 lere
1026 1833 1235 1891 dubitationem

227 1928 392 2008 'ponuntur
410 1943 476 1983 cem
493 1929 658 2004 propterea,
678 1928 756 2001 quod
774 1944 822 1984 res
841 1943 916 2000 quae
935 1913 1100 1983 diffamatur
1116 1917 1235 2000 prorem

244 2017 277 2075 in
294 2007 500 2098 Maecenatem
513 2017 599 2094 cadit,
618 2017 660 2074 ita
677 2021 720 2095 ut,
741 2017 855 2074 etiamsi
872 2020 960 2090 poeta
978 2016 1104 2100 noluerit
1121 2018 1235 2074 Maece·

147 2107 150 2114 ’
245 2112 344 2166 uatem
361 2108 567 2184 perstringere,
587 2108 623 2166 de
643 2126 678 2166 eo
697 2099 819 2166 lector'es
839 2106 965 2178 cogitare
985 2105 1153 2183 debuetint,
1172 2110 1236 2166 tum

247 2199 326 2274 quod
345 2199 454 2257 Seneca
471 2199 491 2256 1.
510 2199 529 2270 l.
548 2201 740 2272 Horatianum
757 2200 852 2257 locum
869 2198 911 2254 ita
928 2197 1073 2272 respexit,
1098 2199 1132 2252 ut
1151 2195 1236 2254 dubi·

245 2291 303 2347 tari
326 2305 385 2346 non
410 2290 504 2364 possit
527 2290 598 2364 quin
629 2294 658 2347 et
681 2291 745 2364 ipse
770 2290 969 2346 Maecenatem
984 2287 1151 2344 valliculam
1169 2305 1235 2346 esse

244 2381 399 2455 putaverit
428 2381 457 2440 Is
477 2381 555 2438 enim
573 2380 624 2438 ubi
644 2381 733 2438 dixit:
753 2377 925 2457 „Quomodo
943 2379 1098 2436 Maecenas
1114 2379 1234 2456 uixerit,

229 2473 343 2545 *notius
362 2473 422 2550 est,
442 2489 528 2546 quam
546 2475 580 2528 nt
597 2472 709 2529 narrari
726 2487 804 2528 nunc
823 2469 943 2529 debeat:
972 2470 1115 2544 quomodo
1134 2469 1235 2528 ambu-

145 2613 146 2618 ,
245 2563 358 2642 laverit,
373 2555 465 2640 quam
484 2563 623 2627 delicatus
642 2563 744 2640 luerit,
764 2577 851 2637 quam
870 2549 994 2635 cupierit
1012 2561 1122 2639 viden',
1147 2577 1235 2636 quam

132 2691 137 2698 -
245 2654 318 2712 vitia
336 2655 498 2726 sua-latere
519 2654 650 2711 voluerit
689 2653 767 2721 Quid
786 2649 876 2726 ecgoi
900 2669 960 2711 non
985 2654 1079 2710 oratio
1104 2653 1169 2725 ejus
1186 2669 1234 2710 ae·

244 2759 302 2820 que
322 2733 416 2818 soluta
434 2748 481 2817 est
497 2761 584 2819 quam
601 2745 666 2821 ipse
686 2739 883 2814 ιὶίιιιίιιιιιιεὲιι
903 2746 1013 2820 pergite
1033 2746 1119 2823 „Non
1137 2745 1234 2804 statim

246 2835 318 2900 haec
338 2853 403 2910 cum
421 2837 536 2914 legeris,
556 2837 612 2895 hoc
630 2837 684 2895 tibi
703 2839 842 2916 occurrit,
862 2837 939 2894 hunc
958 2853 1039 2912 esse,
1058 2837 1112 2911 qui
1128 2839 1235 2895 eolalia

246 2929 358 2996 laniata
375 2930 409 3000 itt
427 2930 503 3000 urdo
519 2945 637 3018 semper
652 2930 809 2988 incesserit
821 2921 872 3009 ‘)i

320 3018 458 3090 Attamen
476 3021 522 3077 his
541 3020 673 3078 omnibus
699 3016 805 3074 dixerit
830 3015 974 3090 quispiam
996 3015 1038 3072 nil
1062 3015 1141 3078 aliud
1166 3031 1233 3090 pro·

245 3105 310 3191 bari
327 3125 415 3186 quqm
432 3110 502 3168 hoca
527 3113 556 3167 et
573 3109 636 3166 fieri
653 3108 799 3183 potuisse,
824 3109 858 3164 ut
873 3105 913 3163 ‘de
931 3107 1100 3164 Maecenate
1119 3107 1167 3165 hic
1185 3125 1233 3166 su·

214 3199 219 3216 ¹
246 3201 345 3273 gillato
365 3199 554 3274 cogitaverint
571 3199 694 3272 lectores
714 3201 745 3256 et
762 3199 851 3256 luisse
869 3198 974 3276 ctiam,
995 3199 1045 3275 qui
1059 3199 1105 3256 ‘ita
1124 3202 1232 3257 statue·

247 3296 313 3349 rent
333 3291 395 3363 J‘am
412 3291 526 3374 Horatii
550 3293 646 3350 aetate
672 3294 703 3348 et
725 3293 843 3368 postea3
867 3307 924 3348 nec
947 3293 1045 3348 tamen
1067 3292 1232 3348 necessario

245 3382 401 3462 consequi,
425 3386 459 3442 ut
482 3380 546 3460 ipae
564 3382 702 3442 Horatius
727 3386 757 3440 et
780 3381 956 3441 intellexen't
979 3383 1177 3438 Maecenatem
1201 3385 1233 3438 et

527 3481 541 3510 ¹⁴„

313 3621 343 3682 3)
359 3621 398 3667 Cf.
414 3620 491 3669 Bentl.
507 3621 540 3671 ad
554 3622 640 3671 Horat
656 3622 710 3670 snt
726 3620 757 3682 1,
773 3622 798 3672 8.
816 3619 856 3672 ol.
873 3623 899 3671 et
914 3618 954 3668 od·
971 3621 1002 3680 2,
1023 3619 1065 3671 12.
1081 3620 1122 3673 12.
1139 3621 1230 3674 Wcicli.

246 3701 272 3754 p.
289 3701 310 3734 r.
326 3698 382 3750 pag.
398 3686 447 3736 412
464 3701 500 3750 eq.

250 3834 253 3838 ἴ
314 3768 343 3833 4)
359 3768 413 3818 Alia
428 3771 537 3820 veterum
558 3769 709 3831 testimonia,
734 3783 797 3836 quae
818 3769 865 3822 huc
881 3770 1011 3836 quadrant,
1028 3772 1148 3838 congemit
1164 3769 1230 3821 Wei-

246 3835 324 3888 tbcrti
341 3835 465 3901 diligentia
480 3851 504 3902 p.
520 3851 541 3888 r.
557 3853 581 3903 p.
598 3836 647 3889 tlt
663 3852 699 3902 aq.
956 3838 972 3848 ‘'
1172 3837 1178 3846 '
