<?xml version="1.0" encoding="UTF-8"?>
<!DOCTYPE html PUBLIC "-//W3C//DTD XHTML 1.0 Transitional//EN"
    "http://www.w3.org/TR/xhtml1/DTD/xhtml1-transitional.dtd">
<html xmlns="http://www.w3.org/1999/xhtml" xml:lang="en" lang="en">
 <head>
  <title>
</title>
<meta http-equiv="Content-Type" content="text/html;charset=utf-8" />
  <meta name='ocr-system' content='tesseract 3.04.00' />
  <meta name='ocr-capabilities' content='ocr_page ocr_carea ocr_par ocr_line ocrx_word'/>
</head>
<body>
  <div class='ocr_page' id='page_1' title='image "./fastihoratiani01lachgoog_0110.png"; bbox 0 0 2790 4566; ppageno 0'>
   <div class='ocr_carea' id='block_1_1' title="bbox 219 227 1324 506">
    <p class='ocr_par' dir='ltr' id='par_1_1' title="bbox 219 227 1324 506">
     <span class='ocr_line' id='line_1_1' title="bbox 608 227 816 336; baseline -0.005 -101"><span class='ocrx_word' id='word_1_1' title='bbox 608 227 653 308; x_wconf 46' lang='grc'><strong>.-</strong></span> <span class='ocrx_word' id='word_1_2' title='bbox 684 261 746 330; x_wconf 61' lang='lat' dir='ltr'><strong><em>m</em></strong></span> <span class='ocrx_word' id='word_1_3' title='bbox 771 292 816 336; x_wconf 25' lang='lat'><strong>¹„-</strong></span> 
     </span>
     <span class='ocr_line' id='line_1_2' title="bbox 219 377 1324 506; baseline 0.001 -20"><span class='ocrx_word' id='word_1_4' title='bbox 219 434 278 504; x_wconf 82' lang='lat' dir='ltr'><strong>qda</strong></span> <span class='ocrx_word' id='word_1_5' title='bbox 295 377 400 506; x_wconf 77' lang='lat' dir='ltr'><strong>agitur,</strong></span> <span class='ocrx_word' id='word_1_6' title='bbox 418 443 446 486; x_wconf 84' lang='lat' dir='ltr'><strong>a.</strong></span> <span class='ocrx_word' id='word_1_7' title='bbox 465 425 530 486; x_wconf 84' lang='grc'><strong>121.</strong></span> <span class='ocrx_word' id='word_1_8' title='bbox 548 423 718 502; x_wconf 74' lang='lat' dir='ltr'><strong>adscripsit,</strong></span> <span class='ocrx_word' id='word_1_9' title='bbox 741 424 812 500; x_wconf 86' lang='lat' dir='ltr'><strong>quia</strong></span> <span class='ocrx_word' id='word_1_10' title='bbox 829 424 959 499; x_wconf 75' lang='lat' dir='ltr'><strong>tempore</strong></span> <span class='ocrx_word' id='word_1_11' title='bbox 977 415 1038 482; x_wconf 85' lang='lat' dir='ltr'><strong>uon</strong></span> <span class='ocrx_word' id='word_1_12' title='bbox 1049 415 1137 486; x_wconf 78' lang='lat' dir='ltr'><strong>nimis</strong></span> <span class='ocrx_word' id='word_1_13' title='bbox 1149 426 1210 488; x_wconf 80' lang='lat' dir='ltr'><strong>dia·</strong></span> <span class='ocrx_word' id='word_1_14' title='bbox 1312 425 1324 446; x_wconf 67' lang='lat'>⁸</span> 
     </span>
    </p>
   </div>
   <div class='ocr_carea' id='block_1_2' title="bbox 193 514 1372 596">
    <p class='ocr_par' dir='ltr' id='par_1_2' title="bbox 193 514 1372 596">
     <span class='ocr_line' id='line_1_3' title="bbox 193 514 1372 596; baseline -0.02 -16"><span class='ocrx_word' id='word_1_15' title='bbox 193 519 318 592; x_wconf 65' lang='lat' dir='ltr'><strong>‘juncta</strong></span> <span class='ocrx_word' id='word_1_16' title='bbox 336 537 401 578; x_wconf 88' lang='lat' dir='ltr'><strong>esse</strong></span> <span class='ocrx_word' id='word_1_17' title='bbox 419 520 512 594; x_wconf 82' lang='lat' dir='ltr'><strong>possit</strong></span> <span class='ocrx_word' id='word_1_18' title='bbox 530 534 548 576; x_wconf 91' lang='lat' dir='ltr'><strong>a</strong></span> <span class='ocrx_word' id='word_1_19' title='bbox 566 517 656 576; x_wconf 86' lang='lat' dir='ltr'><strong>satira</strong></span> <span class='ocrx_word' id='word_1_20' title='bbox 673 516 741 574; x_wconf 85' lang='lat' dir='ltr'>libri</span> <span class='ocrx_word' id='word_1_21' title='bbox 758 517 796 574; x_wconf 88' lang='lat'><strong>11.</strong></span> <span class='ocrx_word' id='word_1_22' title='bbox 815 515 903 572; x_wconf 84' lang='lat' dir='ltr'><strong>tortia</strong></span> <span class='ocrx_word' id='word_1_23' title='bbox 920 531 947 572; x_wconf 77' lang='lat' dir='ltr'><strong>a</strong></span> <span class='ocrx_word' id='word_1_24' title='bbox 960 514 1026 573; x_wconf 83' lang='lat'><strong>722.</strong></span> <span class='ocrx_word' id='word_1_25' title='bbox 1037 521 1210 596; x_wconf 60' lang='lat' dir='ltr'><strong>camposim,</strong></span> <span class='ocrx_word' id='word_1_26' title='bbox 1271 581 1275 594; x_wconf 75' lang='lat'><strong>.</strong></span> <span class='ocrx_word' id='word_1_27' title='bbox 1371 516 1372 576; x_wconf 65' lang='lat'>1</span> 
     </span>
    </p>
   </div>
   <div class='ocr_carea' id='block_1_3' title="bbox 166 605 1274 1051">
    <p class='ocr_par' dir='ltr' id='par_1_3' title="bbox 166 605 1274 1051">
     <span class='ocr_line' id='line_1_4' title="bbox 219 605 1210 686; baseline 0.001 -18"><span class='ocrx_word' id='word_1_28' title='bbox 219 610 251 668; x_wconf 93' lang='lat' dir='ltr'><strong>iu</strong></span> <span class='ocrx_word' id='word_1_29' title='bbox 270 627 327 686; x_wconf 89' lang='lat' dir='ltr'><strong>qua</strong></span> <span class='ocrx_word' id='word_1_30' title='bbox 344 612 498 668; x_wconf 79' lang='lat' dir='ltr'><strong>Maecenas</strong></span> <span class='ocrx_word' id='word_1_31' title='bbox 517 609 690 666; x_wconf 87' lang='lat' dir='ltr'><strong>etiamtum</strong></span> <span class='ocrx_word' id='word_1_32' title='bbox 709 607 741 664; x_wconf 92' lang='lat' dir='ltr'><strong>in</strong></span> <span class='ocrx_word' id='word_1_33' title='bbox 760 605 937 666; x_wconf 84' lang='lat' dir='ltr'><strong>aedificando</strong></span> <span class='ocrx_word' id='word_1_34' title='bbox 962 612 1128 684; x_wconf 51' lang='lat' dir='ltr'><strong>occupatus.</strong></span> <span class='ocrx_word' id='word_1_35' title='bbox 1145 627 1210 668; x_wconf 89' lang='lat' dir='ltr'><strong>esse</strong></span> 
     </span>
     <span class='ocr_line' id='line_1_5' title="bbox 166 697 1211 776; baseline 0.003 -18"><span class='ocrx_word' id='word_1_36' title='bbox 166 715 171 730; x_wconf 77' lang='lat'><em>⁰</em></span> <span class='ocrx_word' id='word_1_37' title='bbox 220 701 333 769; x_wconf 83' lang='lat' dir='ltr'><strong>dicatur</strong></span> <span class='ocrx_word' id='word_1_38' title='bbox 350 719 378 759; x_wconf 86' lang='lat' dir='ltr'><strong>v.</strong></span> <span class='ocrx_word' id='word_1_39' title='bbox 397 701 462 761; x_wconf 84' lang='grc'><strong>312.</strong></span> <span class='ocrx_word' id='word_1_40' title='bbox 493 700 600 759; x_wconf 80' lang='lat' dir='ltr'><strong>Doleas</strong></span> <span class='ocrx_word' id='word_1_41' title='bbox 620 715 701 776; x_wconf 87' lang='lat' dir='ltr'><strong>sane,</strong></span> <span class='ocrx_word' id='word_1_42' title='bbox 720 698 798 774; x_wconf 92' lang='lat' dir='ltr'><strong>quod</strong></span> <span class='ocrx_word' id='word_1_43' title='bbox 816 697 862 756; x_wconf 87' lang='lat' dir='ltr'><strong>vir</strong></span> <span class='ocrx_word' id='word_1_44' title='bbox 879 698 928 756; x_wconf 87' lang='lat' dir='ltr'><strong>ille</strong></span> <span class='ocrx_word' id='word_1_45' title='bbox 948 697 1134 761; x_wconf 86' lang='lat' dir='ltr'><strong>doctissimus</strong></span> <span class='ocrx_word' id='word_1_46' title='bbox 1151 717 1211 760; x_wconf 91' lang='lat' dir='ltr'><strong>nou</strong></span> 
     </span>
     <span class='ocr_line' id='line_1_6' title="bbox 219 789 1274 864; baseline 0.002 -14"><span class='ocrx_word' id='word_1_47' title='bbox 219 793 346 851; x_wconf 87' lang='lat' dir='ltr'><strong>firmiora</strong></span> <span class='ocrx_word' id='word_1_48' title='bbox 369 795 538 864; x_wconf 80' lang='lat' dir='ltr'><strong>argumenta</strong></span> <span class='ocrx_word' id='word_1_49' title='bbox 562 795 663 850; x_wconf 77' lang='lat' dir='ltr'><strong>matra</strong></span> <span class='ocrx_word' id='word_1_50' title='bbox 687 789 887 862; x_wconf 80' lang='lat' dir='ltr'><strong>BentleJ&#39;anam</strong></span> <span class='ocrx_word' id='word_1_51' title='bbox 909 790 1053 852; x_wconf 86' lang='lat' dir='ltr'><strong>rationem</strong></span> <span class='ocrx_word' id='word_1_52' title='bbox 1077 794 1109 850; x_wconf 90' lang='lat' dir='ltr'><strong>in</strong></span> <span class='ocrx_word' id='word_1_53' title='bbox 1126 809 1212 852; x_wconf 87' lang='lat' dir='ltr'><strong>usum</strong></span> <span class='ocrx_word' id='word_1_54' title='bbox 1272 789 1274 798; x_wconf 88' lang='lat'>&#39;</span> 
     </span>
     <span class='ocr_line' id='line_1_7' title="bbox 221 881 1209 960; baseline 0 -18"><span class='ocrx_word' id='word_1_55' title='bbox 221 900 306 942; x_wconf 85' lang='lat' dir='ltr'><strong>suum</strong></span> <span class='ocrx_word' id='word_1_56' title='bbox 323 885 475 943; x_wconf 84' lang='lat' dir='ltr'><strong>convertit.</strong></span> <span class='ocrx_word' id='word_1_57' title='bbox 512 885 576 942; x_wconf 90' lang='lat' dir='ltr'><strong>Hoc</strong></span> <span class='ocrx_word' id='word_1_58' title='bbox 604 885 682 942; x_wconf 88' lang='lat' dir='ltr'><strong>certe</strong></span> <span class='ocrx_word' id='word_1_59' title='bbox 712 898 751 938; x_wconf 88' lang='lat' dir='ltr'><strong>ne</strong></span> <span class='ocrx_word' id='word_1_60' title='bbox 779 882 863 940; x_wconf 89' lang='lat' dir='ltr'><strong>flocci</strong></span> <span class='ocrx_word' id='word_1_61' title='bbox 890 881 1009 956; x_wconf 90' lang='lat' dir='ltr'><strong>quidem</strong></span> <span class='ocrx_word' id='word_1_62' title='bbox 1036 884 1209 960; x_wconf 70' lang='lat' dir='ltr'><strong>radendum.</strong></span> 
     </span>
     <span class='ocr_line' id='line_1_8' title="bbox 220 973 1210 1051; baseline 0.003 -19"><span class='ocrx_word' id='word_1_63' title='bbox 220 975 349 1032; x_wconf 87' lang='lat' dir='ltr'><strong>Primum</strong></span> <span class='ocrx_word' id='word_1_64' title='bbox 373 975 436 1048; x_wconf 88' lang='lat' dir='ltr'><strong>jam</strong></span> <span class='ocrx_word' id='word_1_65' title='bbox 453 976 486 1034; x_wconf 92' lang='lat' dir='ltr'><strong>id</strong></span> <span class='ocrx_word' id='word_1_66' title='bbox 512 975 617 1034; x_wconf 74' lang='lat' dir='ltr'><strong>falsum</strong></span> <span class='ocrx_word' id='word_1_67' title='bbox 644 977 705 1051; x_wconf 86' lang='lat' dir='ltr'><strong>est,</strong></span> <span class='ocrx_word' id='word_1_68' title='bbox 734 973 812 1047; x_wconf 91' lang='lat' dir='ltr'><strong>quod</strong></span> <span class='ocrx_word' id='word_1_69' title='bbox 839 974 898 1032; x_wconf 90' lang='lat' dir='ltr'><strong>Sat.</strong></span> <span class='ocrx_word' id='word_1_70' title='bbox 918 973 946 1048; x_wconf 86' lang='lat'><strong>2,</strong></span> <span class='ocrx_word' id='word_1_71' title='bbox 965 975 993 1031; x_wconf 90' lang='grc'><strong>3.</strong></span> <span class='ocrx_word' id='word_1_72' title='bbox 1013 978 1081 1034; x_wconf 84' lang='lat' dir='ltr'><strong>aute</strong></span> <span class='ocrx_word' id='word_1_73' title='bbox 1100 993 1127 1034; x_wconf 85' lang='lat' dir='ltr'><strong>a.</strong></span> <span class='ocrx_word' id='word_1_74' title='bbox 1145 973 1210 1034; x_wconf 81' lang='grc'><strong>722.</strong></span> 
     </span>
    </p>
   </div>
   <div class='ocr_carea' id='block_1_4' title="bbox 221 1064 1377 1165">
    <p class='ocr_par' dir='ltr' id='par_1_4' title="bbox 221 1064 1377 1165">
     <span class='ocr_line' id='line_1_9' title="bbox 221 1064 1377 1165; baseline 0.001 -41"><span class='ocrx_word' id='word_1_75' title='bbox 221 1069 369 1132; x_wconf 84' lang='lat' dir='ltr'><strong>exaratam</strong></span> <span class='ocrx_word' id='word_1_76' title='bbox 388 1083 453 1126; x_wconf 85' lang='lat' dir='ltr'><strong>esso</strong></span> <span class='ocrx_word' id='word_1_77' title='bbox 471 1069 568 1138; x_wconf 83' lang='lat' dir='ltr'><strong>negat.</strong></span> <span class='ocrx_word' id='word_1_78' title='bbox 598 1067 674 1126; x_wconf 86' lang='lat' dir='ltr'><strong>Nam</strong></span> <span class='ocrx_word' id='word_1_79' title='bbox 692 1081 758 1122; x_wconf 90' lang='lat' dir='ltr'><strong>cum</strong></span> <span class='ocrx_word' id='word_1_80' title='bbox 775 1064 983 1140; x_wconf 78' lang='lat' dir='ltr'><strong>Agrippa-jam</strong></span> <span class='ocrx_word' id='word_1_81' title='bbox 1000 1067 1112 1126; x_wconf 67' lang='grc'><strong>11221.</strong></span> <span class='ocrx_word' id='word_1_82' title='bbox 1132 1066 1211 1125; x_wconf 86' lang='lat' dir='ltr'><strong>aedi·</strong></span> <span class='ocrx_word' id='word_1_83' title='bbox 1297 1069 1298 1074; x_wconf 76' lang='grc'>’</span> <span class='ocrx_word' id='word_1_84' title='bbox 1372 1098 1377 1165; x_wconf 32' lang='grc'><strong>1,</strong></span> 
     </span>
    </p>
   </div>
   <div class='ocr_carea' id='block_1_5' title="bbox 219 1151 1211 1423">
    <p class='ocr_par' dir='ltr' id='par_1_5' title="bbox 219 1151 1211 1423">
     <span class='ocr_line' id='line_1_10' title="bbox 219 1151 1211 1243; baseline 0.003 -30"><span class='ocrx_word' id='word_1_85' title='bbox 219 1155 311 1215; x_wconf 89' lang='lat' dir='ltr'><strong>litatis</strong></span> <span class='ocrx_word' id='word_1_86' title='bbox 330 1174 402 1216; x_wconf 87' lang='lat' dir='ltr'><strong>onus</strong></span> <span class='ocrx_word' id='word_1_87' title='bbox 421 1159 496 1220; x_wconf 86' lang='lat' dir='ltr'><strong>ultro</strong></span> <span class='ocrx_word' id='word_1_88' title='bbox 516 1157 676 1233; x_wconf 86' lang='lat' dir='ltr'><strong>susceperit</strong></span> <span class='ocrx_word' id='word_1_89' title='bbox 694 1151 776 1238; x_wconf 85' lang='lat' dir='ltr'><strong>(Dio.</strong></span> <span class='ocrx_word' id='word_1_90' title='bbox 791 1153 926 1239; x_wconf 67' lang='grc'><strong>41141),</strong></span> <span class='ocrx_word' id='word_1_91' title='bbox 943 1157 1008 1232; x_wconf 86' lang='lat' dir='ltr'><strong>ipse</strong></span> <span class='ocrx_word' id='word_1_92' title='bbox 1020 1174 1121 1243; x_wconf 83' lang='lat' dir='ltr'><strong>versus</strong></span> <span class='ocrx_word' id='word_1_93' title='bbox 1135 1159 1211 1235; x_wconf 71' lang='grc'><strong>181,</strong></span> 
     </span>
     <span class='ocr_line' id='line_1_11' title="bbox 220 1247 684 1325; baseline 0.002 -21"><span class='ocrx_word' id='word_1_94' title='bbox 220 1247 253 1312; x_wconf 90' lang='lat' dir='ltr'><strong>in</strong></span> <span class='ocrx_word' id='word_1_95' title='bbox 271 1264 329 1323; x_wconf 91' lang='lat' dir='ltr'><strong>quo</strong></span> <span class='ocrx_word' id='word_1_96' title='bbox 346 1250 434 1321; x_wconf 84' lang='lat' dir='ltr'><strong>hujus</strong></span> <span class='ocrx_word' id='word_1_97' title='bbox 452 1249 623 1308; x_wconf 27' lang='lat' dir='ltr'><strong>rcismentio</strong></span> <span class='ocrx_word' id='word_1_98' title='bbox 641 1249 684 1325; x_wconf 83' lang='lat' dir='ltr'><strong>fit,</strong></span> 
     </span>
     <span class='ocr_line' id='line_1_12' title="bbox 367 1337 1210 1423; baseline -0.002 -23"><span class='ocrx_word' id='word_1_99' title='bbox 367 1342 486 1400; x_wconf 78' lang='lat' dir='ltr'><strong>Scilicet</strong></span> <span class='ocrx_word' id='word_1_100' title='bbox 501 1348 536 1400; x_wconf 82' lang='lat' dir='ltr'><strong>ot</strong></span> <span class='ocrx_word' id='word_1_101' title='bbox 550 1344 695 1416; x_wconf 76' lang='lat' dir='ltr'><strong>plausus,</strong></span> <span class='ocrx_word' id='word_1_102' title='bbox 713 1357 789 1416; x_wconf 80' lang='lat' dir='ltr'><strong>quor</strong></span> <span class='ocrx_word' id='word_1_103' title='bbox 805 1337 868 1412; x_wconf 73' lang='lat' dir='ltr'><strong>fert</strong></span> <span class='ocrx_word' id='word_1_104' title='bbox 882 1340 1034 1423; x_wconf 60' lang='lat' dir='ltr'><strong>Aqeppa,</strong></span> <span class='ocrx_word' id='word_1_105' title='bbox 1055 1337 1141 1412; x_wconf 79' lang='lat' dir='ltr'><strong>ferae</strong></span> <span class='ocrx_word' id='word_1_106' title='bbox 1167 1347 1210 1399; x_wconf 78' lang='lat' dir='ltr'><strong>to.</strong></span> 
     </span>
    </p>
   </div>
   <div class='ocr_carea' id='block_1_6' title="bbox 121 1426 1212 1509">
    <p class='ocr_par' dir='ltr' id='par_1_6' title="bbox 121 1426 1212 1509">
     <span class='ocr_line' id='line_1_13' title="bbox 121 1426 1212 1509; baseline 0.006 -28"><span class='ocrx_word' id='word_1_107' title='bbox 121 1475 123 1481; x_wconf 82' lang='grc'>,</span> <span class='ocrx_word' id='word_1_108' title='bbox 222 1426 309 1487; x_wconf 88' lang='lat' dir='ltr'><strong>docet</strong></span> <span class='ocrx_word' id='word_1_109' title='bbox 326 1431 446 1490; x_wconf 86' lang='lat' dir='ltr'><strong>satiram</strong></span> <span class='ocrx_word' id='word_1_110' title='bbox 465 1431 568 1490; x_wconf 89' lang='lat' dir='ltr'><strong>codem</strong></span> <span class='ocrx_word' id='word_1_111' title='bbox 586 1448 663 1490; x_wconf 86' lang='lat' dir='ltr'><strong>anno</strong></span> <span class='ocrx_word' id='word_1_112' title='bbox 683 1435 713 1488; x_wconf 87' lang='lat' dir='ltr'><strong>et</strong></span> <span class='ocrx_word' id='word_1_113' title='bbox 731 1433 861 1507; x_wconf 84' lang='lat' dir='ltr'><strong>potuisse</strong></span> <span class='ocrx_word' id='word_1_114' title='bbox 888 1433 992 1509; x_wconf 87' lang='lat' dir='ltr'><strong>scribi,</strong></span> <span class='ocrx_word' id='word_1_115' title='bbox 1018 1435 1049 1489; x_wconf 92' lang='lat' dir='ltr'><strong>et</strong></span> <span class='ocrx_word' id='word_1_116' title='bbox 1073 1431 1212 1507; x_wconf 80' lang='lat' dir='ltr'><strong>scriptam</strong></span> 
     </span>
    </p>
   </div>
   <div class='ocr_carea' id='block_1_7' title="bbox 220 1520 1213 1601">
    <p class='ocr_par' dir='ltr' id='par_1_7' title="bbox 220 1520 1213 1601">
     <span class='ocr_line' id='line_1_14' title="bbox 220 1520 1213 1601; baseline 0.003 -24"><span class='ocrx_word' id='word_1_117' title='bbox 220 1520 378 1579; x_wconf 85' lang='lat' dir='ltr'><strong>verisimile</strong></span> <span class='ocrx_word' id='word_1_118' title='bbox 396 1540 470 1580; x_wconf 79' lang='lat' dir='ltr'><strong>esse.</strong></span> <span class='ocrx_word' id='word_1_119' title='bbox 509 1524 606 1590; x_wconf 83' lang='lat' dir='ltr'><strong>Quare</strong></span> <span class='ocrx_word' id='word_1_120' title='bbox 630 1523 739 1580; x_wconf 87' lang='lat' dir='ltr'><strong>velita</strong></span> <span class='ocrx_word' id='word_1_121' title='bbox 757 1525 848 1582; x_wconf 89' lang='lat' dir='ltr'><strong>satira</strong></span> <span class='ocrx_word' id='word_1_122' title='bbox 867 1525 902 1601; x_wconf 92' lang='grc'><strong>1,</strong></span> <span class='ocrx_word' id='word_1_123' title='bbox 927 1524 954 1581; x_wconf 94' lang='grc'><strong>8.</strong></span> <span class='ocrx_word' id='word_1_124' title='bbox 974 1523 1065 1598; x_wconf 85' lang='lat' dir='ltr'><strong>priori</strong></span> <span class='ocrx_word' id='word_1_125' title='bbox 1088 1521 1213 1596; x_wconf 83' lang='lat' dir='ltr'><strong>tempori</strong></span> 
     </span>
    </p>
   </div>
   <div class='ocr_carea' id='block_1_8' title="bbox 177 1611 1311 1690">
    <p class='ocr_par' dir='ltr' id='par_1_8' title="bbox 177 1611 1311 1690">
     <span class='ocr_line' id='line_1_15' title="bbox 177 1611 1311 1690; baseline 0.001 -22"><span class='ocrx_word' id='word_1_126' title='bbox 177 1612 180 1618; x_wconf 82' lang='lat'>&#39;</span> <span class='ocrx_word' id='word_1_127' title='bbox 221 1611 395 1682; x_wconf 76' lang='lat' dir='ltr'><strong>assignanda</strong></span> <span class='ocrx_word' id='word_1_128' title='bbox 413 1615 509 1672; x_wconf 71' lang='lat' dir='ltr'><strong>fuerit.</strong></span> <span class='ocrx_word' id='word_1_129' title='bbox 540 1614 655 1672; x_wconf 86' lang='lat' dir='ltr'><strong>Deinde</strong></span> <span class='ocrx_word' id='word_1_130' title='bbox 674 1630 849 1689; x_wconf 87' lang='lat' dir='ltr'><strong>quamquam</strong></span> <span class='ocrx_word' id='word_1_131' title='bbox 868 1614 988 1674; x_wconf 85' lang='lat' dir='ltr'><strong>concedi</strong></span> <span class='ocrx_word' id='word_1_132' title='bbox 1006 1616 1114 1690; x_wconf 85' lang='lat' dir='ltr'><strong>potest,</strong></span> <span class='ocrx_word' id='word_1_133' title='bbox 1132 1613 1213 1670; x_wconf 84' lang='lat' dir='ltr'><strong>Mac·</strong></span> <span class='ocrx_word' id='word_1_134' title='bbox 1309 1650 1311 1669; x_wconf 88' lang='grc'><strong>.</strong></span> 
     </span>
    </p>
   </div>
   <div class='ocr_carea' id='block_1_9' title="bbox 220 1691 1271 3336">
    <p class='ocr_par' dir='ltr' id='par_1_9' title="bbox 220 1691 1271 3336">
     <span class='ocr_line' id='line_1_16' title="bbox 222 1691 1249 1803; baseline 0.005 -45"><span class='ocrx_word' id='word_1_135' title='bbox 222 1704 386 1761; x_wconf 81' lang='lat' dir='ltr'><strong>cauatam</strong></span> <span class='ocrx_word' id='word_1_136' title='bbox 377 1721 409 1762; x_wconf 89' lang='lat' dir='ltr'><strong>m</strong></span> <span class='ocrx_word' id='word_1_137' title='bbox 433 1706 619 1764; x_wconf 85' lang='lat' dir='ltr'><strong>aedificandis</strong></span> <span class='ocrx_word' id='word_1_138' title='bbox 648 1707 744 1766; x_wconf 69' lang='lat' dir='ltr'><strong>horta</strong></span> <span class='ocrx_word' id='word_1_139' title='bbox 767 1709 934 1784; x_wconf 73' lang='lat' dir='ltr'><strong>Eeqottinta</strong></span> <span class='ocrx_word' id='word_1_140' title='bbox 957 1707 1020 1764; x_wconf 85' lang='lat' dir='ltr'><strong>tum</strong></span> <span class='ocrx_word' id='word_1_141' title='bbox 1044 1691 1214 1803; x_wconf 83' lang='lat' dir='ltr'><strong>occupatum</strong></span> <span class='ocrx_word' id='word_1_142' title='bbox 1239 1745 1249 1754; x_wconf 83' lang='lat'>-</span> 
     </span>
     <span class='ocr_line' id='line_1_17' title="bbox 220 1792 884 1874; baseline 0.011 -23"><span class='ocrx_word' id='word_1_143' title='bbox 220 1792 311 1852; x_wconf 79' lang='lat' dir='ltr'><strong>tuisse</strong></span> <span class='ocrx_word' id='word_1_144' title='bbox 329 1795 484 1870; x_wconf 76' lang='lat' dir='ltr'><strong>significari</strong></span> <span class='ocrx_word' id='word_1_145' title='bbox 503 1798 562 1856; x_wconf 89' lang='lat' dir='ltr'><strong>Sat.</strong></span> <span class='ocrx_word' id='word_1_146' title='bbox 582 1797 615 1874; x_wconf 86' lang='lat'><strong>2,</strong></span> <span class='ocrx_word' id='word_1_147' title='bbox 635 1798 662 1856; x_wconf 85' lang='lat'><strong>3.</strong></span> <span class='ocrx_word' id='word_1_148' title='bbox 682 1797 739 1856; x_wconf 87' lang='grc'><strong>308</strong></span> <span class='ocrx_word' id='word_1_149' title='bbox 758 1815 819 1873; x_wconf 81' lang='lat' dir='ltr'><strong>sqr</strong></span> <span class='ocrx_word' id='word_1_150' title='bbox 880 1843 884 1848; x_wconf 82' lang='lat'>-</span> 
     </span>
     <span class='ocr_line' id='line_1_18' title="bbox 605 1889 887 1966; baseline 0 -18"><span class='ocrx_word' id='word_1_151' title='bbox 605 1889 743 1965; x_wconf 81' lang='lat' dir='ltr'><strong>Acciper</strong></span> <span class='ocrx_word' id='word_1_152' title='bbox 762 1891 887 1966; x_wconf 85' lang='lat' dir='ltr'><strong>primum</strong></span> 
     </span>
     <span class='ocr_line' id='line_1_19' title="bbox 368 1978 1080 2058; baseline 0.003 -20"><span class='ocrx_word' id='word_1_153' title='bbox 368 1978 524 2057; x_wconf 80' lang='lat' dir='ltr'><strong>Aedificas,</strong></span> <span class='ocrx_word' id='word_1_154' title='bbox 543 1981 599 2038; x_wconf 87' lang='lat' dir='ltr'><strong>hoc</strong></span> <span class='ocrx_word' id='word_1_155' title='bbox 617 1983 683 2038; x_wconf 88' lang='lat' dir='ltr'><strong>est</strong></span> <span class='ocrx_word' id='word_1_156' title='bbox 670 1984 804 2058; x_wconf 70' lang='lat' dir='ltr'><strong>‚torryoa</strong></span> <span class='ocrx_word' id='word_1_157' title='bbox 821 1981 944 2050; x_wconf 78' lang='lat' dir='ltr'><strong>imitaris</strong></span> <span class='ocrx_word' id='word_1_158' title='bbox 964 1980 1001 2040; x_wconf 88' lang='lat' dir='ltr'><strong>ab</strong></span> <span class='ocrx_word' id='word_1_159' title='bbox 1019 1981 1080 2040; x_wconf 87' lang='lat' dir='ltr'><strong>imo</strong></span> 
     </span>
     <span class='ocr_line' id='line_1_20' title="bbox 369 2071 977 2145; baseline -0.003 -14"><span class='ocrx_word' id='word_1_160' title='bbox 369 2071 418 2132; x_wconf 86' lang='lat' dir='ltr'><strong>Ad</strong></span> <span class='ocrx_word' id='word_1_161' title='bbox 437 2087 579 2129; x_wconf 89' lang='lat' dir='ltr'><strong>summum</strong></span> <span class='ocrx_word' id='word_1_162' title='bbox 597 2074 677 2130; x_wconf 89' lang='lat' dir='ltr'><strong>totus</strong></span> <span class='ocrx_word' id='word_1_163' title='bbox 695 2072 804 2131; x_wconf 90' lang='lat' dir='ltr'><strong>moduli</strong></span> <span class='ocrx_word' id='word_1_164' title='bbox 823 2071 977 2145; x_wconf 89' lang='lat' dir='ltr'><strong>bipedalis.</strong></span> 
     </span>
     <span class='ocr_line' id='line_1_21' title="bbox 222 2156 1214 2269; baseline 0.004 -53"><span class='ocrx_word' id='word_1_165' title='bbox 222 2156 291 2242; x_wconf 90' lang='lat' dir='ltr'><strong>(ubi</strong></span> <span class='ocrx_word' id='word_1_166' title='bbox 307 2161 412 2224; x_wconf 77' lang='lat' dir='ltr'><strong>Aaron</strong></span> <span class='ocrx_word' id='word_1_167' title='bbox 429 2164 593 2221; x_wconf 80' lang='lat' dir='ltr'><strong>annotarit.-</strong></span> <span class='ocrx_word' id='word_1_168' title='bbox 619 2165 683 2221; x_wconf 87' lang='lat' dir='ltr'><strong>Hoc</strong></span> <span class='ocrx_word' id='word_1_169' title='bbox 702 2165 821 2239; x_wconf 87' lang='lat' dir='ltr'><strong>propter</strong></span> <span class='ocrx_word' id='word_1_170' title='bbox 839 2164 1056 2239; x_wconf 81' lang='lat' dir='ltr'><strong>Maecenatem,</strong></span> <span class='ocrx_word' id='word_1_171' title='bbox 1075 2162 1126 2236; x_wconf 89' lang='lat' dir='ltr'><strong>qui</strong></span> <span class='ocrx_word' id='word_1_172' title='bbox 1145 2165 1214 2269; x_wconf 82' lang='lat' dir='ltr'><strong>tunc</strong></span> 
     </span>
     <span class='ocr_line' id='line_1_22' title="bbox 222 2249 877 2334; baseline 0.002 -24"><span class='ocrx_word' id='word_1_173' title='bbox 222 2250 322 2310; x_wconf 87' lang='lat' dir='ltr'><strong>hortos</strong></span> <span class='ocrx_word' id='word_1_174' title='bbox 342 2252 514 2312; x_wconf 83' lang='lat' dir='ltr'><strong>aedificabat</strong></span> <span class='ocrx_word' id='word_1_175' title='bbox 530 2249 678 2334; x_wconf 81' lang='lat' dir='ltr'><strong>magnos.)</strong></span> <span class='ocrx_word' id='word_1_176' title='bbox 698 2257 729 2311; x_wconf 87' lang='lat' dir='ltr'><strong>et</strong></span> <span class='ocrx_word' id='word_1_177' title='bbox 746 2273 774 2312; x_wconf 84' lang='lat' dir='ltr'>v</span> <span class='ocrx_word' id='word_1_178' title='bbox 795 2254 877 2312; x_wconf 69' lang='lat'><strong>312:</strong></span> 
     </span>
     <span class='ocr_line' id='line_1_23' title="bbox 371 2341 1214 2424; baseline 0.005 -22"><span class='ocrx_word' id='word_1_179' title='bbox 371 2341 436 2423; x_wconf 77' lang='lat' dir='ltr'><strong>Ara,</strong></span> <span class='ocrx_word' id='word_1_180' title='bbox 460 2349 662 2422; x_wconf 69' lang='lat' dir='ltr'><strong>quodeunque</strong></span> <span class='ocrx_word' id='word_1_181' title='bbox 677 2341 755 2416; x_wconf 81' lang='lat' dir='ltr'><strong>facit</strong></span> <span class='ocrx_word' id='word_1_182' title='bbox 771 2347 957 2424; x_wconf 82' lang='lat' dir='ltr'><strong>Mococooe,¹</strong></span> <span class='ocrx_word' id='word_1_183' title='bbox 975 2353 1004 2408; x_wconf 86' lang='lat' dir='ltr'><strong>te</strong></span> <span class='ocrx_word' id='word_1_184' title='bbox 1020 2361 1142 2422; x_wconf 76' lang='lat' dir='ltr'><strong>qaoque</strong></span> <span class='ocrx_word' id='word_1_185' title='bbox 1159 2362 1214 2406; x_wconf 86' lang='lat' dir='ltr'><strong>re·</strong></span> 
     </span>
     <span class='ocr_line' id='line_1_24' title="bbox 768 2444 969 2497; baseline -0.005 0"><span class='ocrx_word' id='word_1_186' title='bbox 768 2454 840 2497; x_wconf 81' lang='lat' dir='ltr'><strong>rum</strong></span> <span class='ocrx_word' id='word_1_187' title='bbox 858 2444 910 2496; x_wconf 81' lang='lat' dir='ltr'><strong>ert.</strong></span> <span class='ocrx_word' id='word_1_188' title='bbox 929 2466 969 2484; x_wconf 84' lang='lat'><strong>·-</strong></span> 
     </span>
     <span class='ocr_line' id='line_1_25' title="bbox 223 2527 1247 2602; baseline 0.001 -17"><span class='ocrx_word' id='word_1_189' title='bbox 223 2529 345 2602; x_wconf 85' lang='lat' dir='ltr'><strong>apparet</strong></span> <span class='ocrx_word' id='word_1_190' title='bbox 362 2531 460 2586; x_wconf 87' lang='lat' dir='ltr'><strong>tamen</strong></span> <span class='ocrx_word' id='word_1_191' title='bbox 477 2529 553 2587; x_wconf 80' lang='lat' dir='ltr'><strong>hauc</strong></span> <span class='ocrx_word' id='word_1_192' title='bbox 578 2529 859 2602; x_wconf 79' lang='lat' dir='ltr'><strong>argumentationem</strong></span> <span class='ocrx_word' id='word_1_193' title='bbox 884 2528 974 2588; x_wconf 90' lang='lat' dir='ltr'><strong>debili</strong></span> <span class='ocrx_word' id='word_1_194' title='bbox 998 2527 1153 2593; x_wconf 83' lang='lat' dir='ltr'><strong>admodum</strong></span> <span class='ocrx_word' id='word_1_195' title='bbox 1170 2528 1215 2586; x_wconf 88' lang='lat' dir='ltr'><strong>in·</strong></span> <span class='ocrx_word' id='word_1_196' title='bbox 1243 2553 1247 2562; x_wconf 64' lang='grc'>’</span> 
     </span>
     <span class='ocr_line' id='line_1_26' title="bbox 222 2618 1215 2694; baseline 0.003 -19"><span class='ocrx_word' id='word_1_197' title='bbox 222 2618 279 2677; x_wconf 91' lang='lat' dir='ltr'><strong>niti</strong></span> <span class='ocrx_word' id='word_1_198' title='bbox 296 2619 492 2678; x_wconf 81' lang='lat' dir='ltr'><strong>tundamento.</strong></span> <span class='ocrx_word' id='word_1_199' title='bbox 529 2621 605 2680; x_wconf 90' lang='lat' dir='ltr'><strong>Nam</strong></span> <span class='ocrx_word' id='word_1_200' title='bbox 624 2619 728 2679; x_wconf 89' lang='lat' dir='ltr'><strong>eodem</strong></span> <span class='ocrx_word' id='word_1_201' title='bbox 741 2620 810 2692; x_wconf 84' lang='lat' dir='ltr'><strong>jure</strong></span> <span class='ocrx_word' id='word_1_202' title='bbox 830 2619 866 2678; x_wconf 91' lang='lat' dir='ltr'><strong>de</strong></span> <span class='ocrx_word' id='word_1_203' title='bbox 886 2620 988 2694; x_wconf 86' lang='lat' dir='ltr'><strong>quavis</strong></span> <span class='ocrx_word' id='word_1_204' title='bbox 1007 2621 1066 2678; x_wconf 88' lang='lat' dir='ltr'><strong>alia</strong></span> <span class='ocrx_word' id='word_1_205' title='bbox 1084 2619 1215 2678; x_wconf 83' lang='lat' dir='ltr'><strong>acdifica-</strong></span> 
     </span>
     <span class='ocr_line' id='line_1_27' title="bbox 222 2709 1217 2788; baseline 0.004 -22"><span class='ocrx_word' id='word_1_206' title='bbox 222 2709 302 2768; x_wconf 85' lang='lat' dir='ltr'><strong>tione</strong></span> <span class='ocrx_word' id='word_1_207' title='bbox 321 2712 501 2783; x_wconf 79' lang='lat' dir='ltr'><strong>cogitaveris.</strong></span> <span class='ocrx_word' id='word_1_208' title='bbox 540 2712 580 2768; x_wconf 84' lang='lat' dir='ltr'><strong>Et</strong></span> <span class='ocrx_word' id='word_1_209' title='bbox 598 2711 714 2785; x_wconf 89' lang='lat' dir='ltr'><strong>quando</strong></span> <span class='ocrx_word' id='word_1_210' title='bbox 739 2712 857 2770; x_wconf 91' lang='lat' dir='ltr'><strong>taudem</strong></span> <span class='ocrx_word' id='word_1_211' title='bbox 876 2713 1032 2772; x_wconf 70' lang='lat' dir='ltr'><strong>Maecenas</strong></span> <span class='ocrx_word' id='word_1_212' title='bbox 1055 2712 1217 2788; x_wconf 84' lang='lat' dir='ltr'><strong>pervitam</strong></span> 
     </span>
     <span class='ocr_line' id='line_1_28' title="bbox 223 2799 1218 2878; baseline 0.003 -21"><span class='ocrx_word' id='word_1_213' title='bbox 223 2799 375 2860; x_wconf 85' lang='lat' dir='ltr'><strong>aedificare</strong></span> <span class='ocrx_word' id='word_1_214' title='bbox 395 2801 586 2862; x_wconf 65' lang='grc'><strong>(111111111-</strong></span> <span class='ocrx_word' id='word_1_215' title='bbox 603 2804 738 2878; x_wconf 88' lang='lat' dir='ltr'><strong>Denique</strong></span> <span class='ocrx_word' id='word_1_216' title='bbox 763 2804 841 2862; x_wconf 89' lang='lat' dir='ltr'><strong>iuter</strong></span> <span class='ocrx_word' id='word_1_217' title='bbox 863 2804 966 2864; x_wconf 76' lang='lat' dir='ltr'><strong>tortos</strong></span> <span class='ocrx_word' id='word_1_218' title='bbox 989 2804 1168 2861; x_wconf 77' lang='lat' dir='ltr'><strong>Maecenatis</strong></span> <span class='ocrx_word' id='word_1_219' title='bbox 1186 2805 1218 2860; x_wconf 86' lang='lat' dir='ltr'><strong>ot</strong></span> 
     </span>
     <span class='ocr_line' id='line_1_29' title="bbox 222 2893 1218 2974; baseline -0.002 -24"><span class='ocrx_word' id='word_1_220' title='bbox 222 2897 340 2952; x_wconf 49' lang='lat' dir='ltr'><strong>tamem¹</strong></span> <span class='ocrx_word' id='word_1_221' title='bbox 361 2893 597 2966; x_wconf 85' lang='lat' dir='ltr'><strong>distinguendum</strong></span> <span class='ocrx_word' id='word_1_222' title='bbox 621 2893 717 2974; x_wconf 84' lang='lat' dir='ltr'><strong>est⁸).</strong></span> <span class='ocrx_word' id='word_1_223' title='bbox 754 2895 824 2952; x_wconf 83' lang='lat' dir='ltr'><strong>Illos</strong></span> <span class='ocrx_word' id='word_1_224' title='bbox 848 2893 967 2967; x_wconf 88' lang='lat' dir='ltr'><strong>quidem</strong></span> <span class='ocrx_word' id='word_1_225' title='bbox 991 2897 1218 2952; x_wconf 83' lang='lat' dir='ltr'><strong>cousentaneum</strong></span> 
     </span>
     <span class='ocr_line' id='line_1_30' title="bbox 224 2982 1271 3058; baseline 0.005 -21"><span class='ocrx_word' id='word_1_226' title='bbox 224 2982 270 3037; x_wconf 89' lang='lat' dir='ltr'><strong>est</strong></span> <span class='ocrx_word' id='word_1_227' title='bbox 286 2983 369 3057; x_wconf 87' lang='lat' dir='ltr'><strong>prius</strong></span> <span class='ocrx_word' id='word_1_228' title='bbox 387 2983 542 3044; x_wconf 88' lang='lat' dir='ltr'><strong>adornatos</strong></span> <span class='ocrx_word' id='word_1_229' title='bbox 561 2985 651 3042; x_wconf 78' lang='lat' dir='ltr'><strong>tuisse</strong></span> <span class='ocrx_word' id='word_1_230' title='bbox 676 3000 763 3057; x_wconf 86' lang='lat' dir='ltr'><strong>quam</strong></span> <span class='ocrx_word' id='word_1_231' title='bbox 782 2984 854 3042; x_wconf 83' lang='lat' dir='ltr'><strong>hacc</strong></span> <span class='ocrx_word' id='word_1_232' title='bbox 879 2987 1087 3042; x_wconf 80' lang='lat' dir='ltr'><strong>exstrueretur.</strong></span> <span class='ocrx_word' id='word_1_233' title='bbox 1124 2982 1218 3058; x_wconf 80' lang='lat' dir='ltr'><strong>Atqui</strong></span> <span class='ocrx_word' id='word_1_234' title='bbox 1267 3021 1271 3026; x_wconf 93' lang='lat'>-</span> 
     </span>
     <span class='ocr_line' id='line_1_31' title="bbox 223 3067 1217 3155; baseline 0.005 -28"><span class='ocrx_word' id='word_1_235' title='bbox 223 3071 256 3128; x_wconf 88' lang='lat' dir='ltr'><strong>in</strong></span> <span class='ocrx_word' id='word_1_236' title='bbox 275 3072 365 3132; x_wconf 86' lang='lat' dir='ltr'><strong>satira</strong></span> <span class='ocrx_word' id='word_1_237' title='bbox 390 3075 423 3152; x_wconf 89' lang='lat'><strong>1,</strong></span> <span class='ocrx_word' id='word_1_238' title='bbox 448 3076 476 3134; x_wconf 88' lang='grc'><strong>8.</strong></span> <span class='ocrx_word' id='word_1_239' title='bbox 501 3073 699 3134; x_wconf 84' lang='lat' dir='ltr'><strong>tautummodo</strong></span> <span class='ocrx_word' id='word_1_240' title='bbox 724 3076 802 3132; x_wconf 77' lang='lat' dir='ltr'><strong>horti</strong></span> <span class='ocrx_word' id='word_1_241' title='bbox 825 3077 897 3134; x_wconf 80' lang='lat' dir='ltr'><strong>aovi</strong></span> <span class='ocrx_word' id='word_1_242' title='bbox 920 3068 965 3155; x_wconf 87' lang='lat' dir='ltr'><strong>(v.</strong></span> <span class='ocrx_word' id='word_1_243' title='bbox 985 3067 1049 3154; x_wconf 86' lang='grc'><strong>1.),</strong></span> <span class='ocrx_word' id='word_1_244' title='bbox 1073 3073 1154 3148; x_wconf 88' lang='lat' dir='ltr'><strong>iique</strong></span> <span class='ocrx_word' id='word_1_245' title='bbox 1178 3090 1217 3132; x_wconf 87' lang='lat' dir='ltr'><strong>no</strong></span> 
     </span>
     <span class='ocr_line' id='line_1_32' title="bbox 223 3161 1265 3243; baseline 0.004 -25"><span class='ocrx_word' id='word_1_246' title='bbox 223 3161 310 3238; x_wconf 82' lang='lat' dir='ltr'><strong>plane</strong></span> <span class='ocrx_word' id='word_1_247' title='bbox 330 3167 452 3238; x_wconf 83' lang='lat' dir='ltr'><strong>confecti</strong></span> <span class='ocrx_word' id='word_1_248' title='bbox 471 3167 588 3243; x_wconf 85' lang='lat' dir='ltr'><strong>quidem</strong></span> <span class='ocrx_word' id='word_1_249' title='bbox 607 3168 882 3242; x_wconf 88' lang='lat' dir='ltr'><strong>commemorantur,</strong></span> <span class='ocrx_word' id='word_1_250' title='bbox 906 3182 967 3224; x_wconf 89' lang='lat' dir='ltr'><strong>uon</strong></span> <span class='ocrx_word' id='word_1_251' title='bbox 984 3171 1083 3225; x_wconf 84' lang='lat' dir='ltr'><strong>autem</strong></span> <span class='ocrx_word' id='word_1_252' title='bbox 1100 3165 1218 3224; x_wconf 84' lang='lat' dir='ltr'><strong>condita</strong></span> <span class='ocrx_word' id='word_1_253' title='bbox 1262 3209 1265 3222; x_wconf 79' lang='grc'><strong>.</strong></span> 
     </span>
     <span class='ocr_line' id='line_1_33' title="bbox 224 3253 1217 3336; baseline 0.004 -24"><span class='ocrx_word' id='word_1_254' title='bbox 224 3253 335 3314; x_wconf 87' lang='lat' dir='ltr'><strong>domus.</strong></span> <span class='ocrx_word' id='word_1_255' title='bbox 375 3259 482 3336; x_wconf 80' lang='lat' dir='ltr'><strong>contra</strong></span> <span class='ocrx_word' id='word_1_256' title='bbox 505 3259 537 3316; x_wconf 91' lang='lat' dir='ltr'><strong>in</strong></span> <span class='ocrx_word' id='word_1_257' title='bbox 556 3259 614 3316; x_wconf 86' lang='lat' dir='ltr'><strong>Sat</strong></span> <span class='ocrx_word' id='word_1_258' title='bbox 635 3257 670 3334; x_wconf 92' lang='grc'><strong>2,</strong></span> <span class='ocrx_word' id='word_1_259' title='bbox 689 3258 717 3316; x_wconf 86' lang='grc'><strong>3.</strong></span> <span class='ocrx_word' id='word_1_260' title='bbox 737 3256 802 3318; x_wconf 84' lang='grc'><strong>812.</strong></span> <span class='ocrx_word' id='word_1_261' title='bbox 828 3275 895 3318; x_wconf 90' lang='lat' dir='ltr'><strong>oum</strong></span> <span class='ocrx_word' id='word_1_262' title='bbox 919 3258 1105 3322; x_wconf 83' lang='lat' dir='ltr'><strong>cohaerentia</strong></span> <span class='ocrx_word' id='word_1_263' title='bbox 1129 3257 1217 3334; x_wconf 74' lang='lat' dir='ltr'><strong>ragit,</strong></span> 
     </span>
    </p>
   </div>
   <div class='ocr_carea' id='block_1_10' title="bbox 289 3545 1217 3613">
    <p class='ocr_par' dir='ltr' id='par_1_10' title="bbox 289 3545 1217 3613">
     <span class='ocr_line' id='line_1_34' title="bbox 289 3545 1217 3613; baseline -0.002 -13"><span class='ocrx_word' id='word_1_264' title='bbox 289 3552 377 3613; x_wconf 79' lang='lat' dir='ltr'><strong>8)cr.</strong></span> <span class='ocrx_word' id='word_1_265' title='bbox 393 3552 433 3600; x_wconf 88' lang='lat' dir='ltr'><strong>od.</strong></span> <span class='ocrx_word' id='word_1_266' title='bbox 450 3552 475 3610; x_wconf 83' lang='grc'><strong>8,</strong></span> <span class='ocrx_word' id='word_1_267' title='bbox 492 3551 627 3602; x_wconf 77' lang='grc'><strong>21..-8</strong></span> <span class='ocrx_word' id='word_1_268' title='bbox 648 3551 763 3600; x_wconf 80' lang='lat' dir='ltr'><strong>Meibom</strong></span> <span class='ocrx_word' id='word_1_269' title='bbox 786 3547 1056 3600; x_wconf 64' lang='lat' dir='ltr'><strong>stamme.</strong></span> <span class='ocrx_word' id='word_1_270' title='bbox 1072 3561 1097 3610; x_wconf 81' lang='lat' dir='ltr'><strong>p·</strong></span> <span class='ocrx_word' id='word_1_271' title='bbox 1113 3545 1217 3612; x_wconf 70' lang='lat' dir='ltr'><strong>maq.</strong></span> 
     </span>
    </p>
   </div>
   <div class='ocr_carea' id='block_1_11' title="bbox 224 3613 1332 3680">
    <p class='ocr_par' dir='ltr' id='par_1_11' title="bbox 224 3613 1332 3680">
     <span class='ocr_line' id='line_1_35' title="bbox 224 3613 1332 3680; baseline -0.001 -15"><span class='ocrx_word' id='word_1_272' title='bbox 224 3619 251 3666; x_wconf 82' lang='lat' dir='ltr'><strong>ct</strong></span> <span class='ocrx_word' id='word_1_273' title='bbox 265 3617 331 3664; x_wconf 80' lang='lat' dir='ltr'><strong>iocor</strong></span> <span class='ocrx_word' id='word_1_274' title='bbox 348 3631 408 3677; x_wconf 76' lang='lat' dir='ltr'><strong>quor</strong></span> <span class='ocrx_word' id='word_1_275' title='bbox 423 3615 534 3663; x_wconf 81' lang='lat' dir='ltr'><strong>laudavit</strong></span> <span class='ocrx_word' id='word_1_276' title='bbox 549 3615 605 3664; x_wconf 80' lang='lat' dir='ltr'><strong>tros:</strong></span> <span class='ocrx_word' id='word_1_277' title='bbox 623 3616 673 3662; x_wconf 84' lang='lat' dir='ltr'><strong>Sue</strong></span> <span class='ocrx_word' id='word_1_278' title='bbox 674 3619 724 3662; x_wconf 79' lang='lat' dir='ltr'><strong>ton</strong></span> <span class='ocrx_word' id='word_1_279' title='bbox 742 3613 798 3661; x_wconf 89' lang='lat' dir='ltr'><strong>Oct.</strong></span> <span class='ocrx_word' id='word_1_280' title='bbox 815 3614 856 3664; x_wconf 80' lang='grc'><strong>72.</strong></span> <span class='ocrx_word' id='word_1_281' title='bbox 873 3614 957 3663; x_wconf 86' lang='lat' dir='ltr'><strong>Tibcr.</strong></span> <span class='ocrx_word' id='word_1_282' title='bbox 980 3613 1023 3664; x_wconf 89' lang='grc'><strong>11.</strong></span> <span class='ocrx_word' id='word_1_283' title='bbox 1040 3614 1126 3663; x_wconf 87' lang='lat' dir='ltr'><strong>Seuec.</strong></span> <span class='ocrx_word' id='word_1_284' title='bbox 1144 3616 1216 3680; x_wconf 74' lang='lat' dir='ltr'><strong>epist.</strong></span> <span class='ocrx_word' id='word_1_285' title='bbox 1326 3627 1332 3632; x_wconf 90' lang='lat'>·</span> 
     </span>
    </p>
   </div>
   <div class='ocr_carea' id='block_1_12' title="bbox 223 3671 1215 3882">
    <p class='ocr_par' dir='ltr' id='par_1_12' title="bbox 223 3671 1215 3882">
     <span class='ocr_line' id='line_1_36' title="bbox 224 3671 1215 3745; baseline -0.001 -14"><span class='ocrx_word' id='word_1_286' title='bbox 224 3680 282 3733; x_wconf 89' lang='grc'><strong>111.</strong></span> <span class='ocrx_word' id='word_1_287' title='bbox 297 3681 409 3744; x_wconf 85' lang='lat' dir='ltr'><strong>Propert.</strong></span> <span class='ocrx_word' id='word_1_288' title='bbox 426 3679 451 3738; x_wconf 88' lang='grc'><strong>1,</strong></span> <span class='ocrx_word' id='word_1_289' title='bbox 467 3681 493 3728; x_wconf 89' lang='grc'><strong>8.</strong></span> <span class='ocrx_word' id='word_1_290' title='bbox 510 3677 585 3727; x_wconf 91' lang='grc'><strong>1.-</strong></span> <span class='ocrx_word' id='word_1_291' title='bbox 601 3671 703 3728; x_wconf 78' lang='lat' dir='ltr'><strong>Pas&#39;rov.</strong></span> <span class='ocrx_word' id='word_1_292' title='bbox 720 3692 745 3740; x_wconf 88' lang='lat' dir='ltr'><strong>p.</strong></span> <span class='ocrx_word' id='word_1_293' title='bbox 761 3677 828 3726; x_wconf 85' lang='lat' dir='ltr'><strong>LXI.</strong></span> <span class='ocrx_word' id='word_1_294' title='bbox 851 3685 901 3729; x_wconf 88' lang='lat' dir='ltr'><strong>not.</strong></span> <span class='ocrx_word' id='word_1_295' title='bbox 918 3677 976 3730; x_wconf 88' lang='grc'><strong>188.</strong></span> <span class='ocrx_word' id='word_1_296' title='bbox 998 3680 1062 3729; x_wconf 87' lang='lat' dir='ltr'><strong>uude</strong></span> <span class='ocrx_word' id='word_1_297' title='bbox 1078 3683 1215 3745; x_wconf 79' lang='lat' dir='ltr'><strong>sumpserit,</strong></span> 
     </span>
     <span class='ocr_line' id='line_1_37' title="bbox 224 3743 1215 3813; baseline 0 -15"><span class='ocrx_word' id='word_1_298' title='bbox 224 3745 275 3813; x_wconf 80' lang='lat' dir='ltr'><strong>Erq</strong></span> <span class='ocrx_word' id='word_1_299' title='bbox 276 3747 385 3796; x_wconf 77' lang='lat' dir='ltr'><strong>utrarum</strong></span> <span class='ocrx_word' id='word_1_300' title='bbox 401 3747 479 3795; x_wconf 83' lang='lat' dir='ltr'><strong>iocum</strong></span> <span class='ocrx_word' id='word_1_301' title='bbox 503 3757 566 3792; x_wconf 82' lang='lat' dir='ltr'><strong>auuo</strong></span> <span class='ocrx_word' id='word_1_302' title='bbox 583 3757 607 3794; x_wconf 92' lang='grc' dir='ltr'><strong>ιι.</strong></span> <span class='ocrx_word' id='word_1_303' title='bbox 624 3758 645 3793; x_wconf 86' lang='lat' dir='ltr'><strong>e.</strong></span> <span class='ocrx_word' id='word_1_304' title='bbox 662 3743 721 3794; x_wconf 79' lang='grc'><strong>218.</strong></span> <span class='ocrx_word' id='word_1_305' title='bbox 746 3745 882 3796; x_wconf 73' lang='lat' dir='ltr'><strong>Maecenati</strong></span> <span class='ocrx_word' id='word_1_306' title='bbox 900 3747 932 3796; x_wconf 80' lang='lat' dir='ltr'><strong>ab</strong></span> <span class='ocrx_word' id='word_1_307' title='bbox 948 3747 1085 3798; x_wconf 76' lang='lat' dir='ltr'><strong>Octaviano</strong></span> <span class='ocrx_word' id='word_1_308' title='bbox 1096 3749 1159 3798; x_wconf 88' lang='lat' dir='ltr'><strong>douo</strong></span> <span class='ocrx_word' id='word_1_309' title='bbox 1170 3747 1215 3797; x_wconf 87' lang='lat' dir='ltr'><strong>da-</strong></span> 
     </span>
     <span class='ocr_line' id='line_1_38' title="bbox 223 3763 1133 3882; baseline 0.007 -20"><span class='ocrx_word' id='word_1_310' title='bbox 223 3763 548 3877; x_wconf 67' lang='lat' dir='ltr'><strong>mamanciurit—</strong></span> <span class='ocrx_word' id='word_1_311' title='bbox 565 3810 1133 3882; x_wconf 71' lang='lat' dir='ltr'><strong>v.tteid.devtr.etcro.....pts§r</strong></span> 
     </span>
    </p>
   </div>
   <div class='ocr_carea' id='block_1_13' title="bbox 0 0 1408 4566">
    <p class='ocr_par' dir='ltr' id='par_1_13' title="bbox 0 0 1408 4566">
     <span class='ocr_line' id='line_1_39' title="bbox 0 0 1408 4566; baseline 0 0"><span class='ocrx_word' id='word_1_312' title='bbox 0 0 1408 4566; x_wconf 95' lang='lat' dir='ltr'><strong> </strong></span> 
     </span>
    </p>
   </div>
  </div>
 </body>
</html>
