2790 4566
619 279 824 358 *144*

266 431 268 434 ’
342 461 345 466 ·
375 439 456 500 Neve
475 443 506 511 te
522 441 630 500 nostris
646 441 727 500 vitiis
746 443 877 518 imquum
979 443 981 448 ’
1048 441 1064 476 ”

326 532 327 535 ’
622 534 709 592 Ocior
727 551 798 592 aura

374 623 484 700 Tollat3
504 623 551 681 hic
570 639 689 696 magnos
707 626 805 700 potius
824 625 996 702 triumphos,

371 714 430 790 Hic
446 729 526 772 ames
545 715 603 774 dici
620 717 707 774 Pater
725 719 812 790 atque
830 716 979 793 Princeps,

351 827 353 832 ·
372 804 439 862 Neu
457 806 536 864 sinas
556 807 658 864 Medos
679 808 809 880 equitare
828 807 936 865 inultos

416 955 419 973 ,
501 925 506 936 =
620 898 773 974 Taurea,
795 898 917 956 Caesar!
1156 947 1159 954 ,

224 983 273 1040 Ex*
288 982 334 1040 his
352 985 444 1060 liquet
468 987 555 1065 mihi,
580 991 672 1052 odom
697 994 780 1047 anno
797 1006 827 1046 u.
847 1005 874 1054 a,
892 989 972 1046 725.
991 990 1127 1065 scriptam
1147 1009 1211 1050 esse

223 1101 263 1118 -·
280 1075 312 1132 id
329 1078 408 1150 quod
426 1079 539 1152 pridem
562 1080 697 1137 videmnt
716 1081 749 1137 T.
769 1080 865 1139 Faber
884 1082 914 1135 et
932 1081 1054 1139 Daret..
1074 1083 1213 1140 Animum

223 1165 342 1225 adverte
361 1169 400 1225 ad
419 1169 538 1241 singula.
579 1171 663 1238 Quod
685 1171 810 1245 primum
834 1171 906 1228 dicit
925 1173 1040 1248 ,merus
1063 1176 1097 1251 in
1123 1190 1147 1232 c.
1166 1176 1213 1231 ν.»

223 1256 255 1314 id
278 1275 462 1334 nequaqnam
486 1262 579 1339 cogit,
604 1265 637 1319 ut
662 1261 697 1318 de
722 1262 823 1320 morbo
848 1264 990 1339 Augusti,
1017 1278 1073 1336 quo
1098 1279 1124 1320 a.
1145 1263 1209 1320 730.
1295 1274 1298 1280 ·

167 1348 172 1357 ‘
223 1353 371 1424 correptus
388 1355 486 1429 ‘ment
507 1354 672 1424 cogites-
689 1354 798 1410 nisibi
816 1354 962 1426 persuasit
981 1353 1136 1431 Vanderb.,
1156 1353 1209 1410 sed

222 1441 333 1515 optatio
352 1443 459 1500 estrei
483 1448 604 1505 naturae
630 1459 717 1519 quam
741 1445 865 1502 maxime
891 1447 1098 1521 consentanca,
1124 1461 1208 1518 prac-

221 1533 328 1588 sertim
340 1550 405 1590 cum
424 1535 598 1594 Octavianus
617 1553 732 1611 semper
750 1539 810 1594 fere
829 1552 932 1610 pamm
950 1537 1030 1593 firma
1042 1535 1208 1594 valetudine

220 1623 324 1682 fruitus
343 1625 389 1681 sit.
422 1625 463 1682 m
481 1627 584 1684 cadem
602 1629 747 1705 oratione,
772 1628 805 1684 in
831 1644 888 1701 qua
912 1645 943 1684 se
969 1627 1060 1701 patris
1085 1627 1209 1684 ultorem
1293 1657 1297 1664 x

220 1713 310 1792 dixit,
339 1715 425 1787 hujus
454 1731 568 1792 quoque
596 1721 640 1777 rci
667 1721 843 1777 mentionem
870 1719 939 1776 iecit
967 1721 1084 1776 auctore
1110 1717 1207 1776 Dione
1246 1729 1255 1740 ‘

220 1805 300 1863 Cass.
320 1806 367 1883 53,
386 1807 430 1867 8..
453 1808 568 1888 „octog
592 1829 624 1868 τε
647 1807 705 1890 γὰρ
730 1813 780 1869 καῖ
803 1813 973 1883 nouercam
996 1811 1046 1868 aori
1070 1807 1207 1868 τεταλαι-

217 1894 372 1977 πώρημαὸ,
391 1901 441 1958 καὶ
460 1899 550 1958 οὐκέτ’
569 1899 636 1960 οὔτε
655 1903 691 1980 τῇ
711 1903 791 1982 ψυχῇ
816 1898 883 1960 οὔτε
907 1899 953 1978 τῷ
978 1903 1097 1977 σώματι
1122 1900 1207 1960 aaa
1305 1923 1317 1940 =

212 1997 278 2064 ’χειν
297 1983 453 2065 δύναμαι.”
471 2023 509 2036 -·
528 1993 609 2059 Quae
630 1997 790 2066 sequuntur
808 1993 914 2050 verba:
939 1995 1047 2067 „Neve
1064 2000 1093 2050 te
1110 1998 1204 2052 norm.
1230 2031 1258 2070 ,-

215 2082 296 2137 cutio
319 2083 389 2156 miq.
417 2097 442 2141 o.
470 2101 499 2142 a.
524 2085 566 2141 ί.»
602 2078 681 2142 c'erto
713 2085 818 2141 docent
848 2099 964 2140 carmen
987 2097 1047 2140 non
1077 2082 1144 2138 ante
1176 2097 1203 2138 a.
1305 2144 1310 2161 .

216 2169 280 2226 725.
301 2173 490 2246 compositum
508 2191 584 2251 esse,
604 2176 712 2250 quippe
732 2191 789 2249 quo
809 2174 983 2232 Octavianus
996 2189 1061 2230 cum
1072 2164 1204 2248 Agrippa

121 2267 126 2274 “
172 2287 174 2298 ·
216 2277 328 2320 momm
346 2265 543 2336 magisterium
568 2267 657 2324 subiit
675 2262 748 2347 (Dio
768 2266 820 2342 52,
840 2265 885 2321 42.
905 2265 1024 2338 interpr.
1051 2263 1089 2320 ad
1106 2263 1154 2339 53,
1175 2265 1201 2322 1.

216 2347 381 2431 (srm‘vol.
401 2356 448 2415 VI.
469 2373 498 2432 p.
518 2359 563 2433 59.
583 2358 643 2416 not.
663 2353 785 2438 7.),Dio
805 2358 857 2433 54,
879 2357 924 2413 10.
963 2357 1080 2414 Sueten
1100 2354 1202 2411 Octav.

214 2446 259 2505 27.
278 2442 352 2525 fin),
371 2448 403 2505 id
421 2449 499 2522 quod
516 2450 669 2508 Horatium
687 2450 852 2523 respexisse
866 2448 998 2504 arbitror.
1015 2477 1054 2492 -·
1073 2447 1203 2519 Sequun-

213 2541 261 2596 tur
280 2539 408 2598 olam‘ora.
426 2541 549 2612 Magnos
562 2542 723 2616 triumphos
736 2545 823 2615 poeta
835 2546 918 2613 optat
928 2540 1095 2597 Octaviano.
1121 2539 1202 2603 Quos

212 2646 272 2687 non
289 2635 419 2706 optasset
437 2633 548 2706 opinor,
568 2635 594 2690 si
612 2637 680 2706 post
698 2633 842 2706 triplicem
860 2632 1036 2710 triumphum
1049 2646 1125 2688 anno
1136 2629 1200 2688 725.

211 2723 308 2781 medio
327 2726 424 2781 actum
442 2724 514 2781 haec
540 2724 713 2798 scripsisset
750 2724 843 2796 Hujus
868 2723 946 2780 haud
972 2723 1059 2782 dubie
1084 2720 1199 2788 honori·

211 2813 294 2870 ficem
318 2814 495 2872 mentionem
518 2815 675 2886 injecisset.
712 2817 779 2874 Jam
804 2832 870 2874 cum
888 2813 1042 2888 praeterea
1060 2821 1147 2890 optet
1167 2814 1199 2869 ut

210 2905 312 2971 Patria
330 2909 416 2978 atque
435 2907 585 2978 Principis
602 2923 708 2964 nomen
726 2923 786 2964 non
805 2893 978 2978 dedignetur
995 2921 1107 2962 sumere
1127 2904 1153 2960 h.
1172 2919 1197 2958 e.

53 2971 57 2976 ἱ
98 3005 117 3058 ᾖ
211 2997 320 3056 utnon
339 2996 480 3052 detrectet
504 3002 646 3052 summum
669 2997 838 3074 imperium,
869 2998 992 3071 denique
1021 2998 1053 3051 ut
1076 2993 1197 3050 Parthos

210 3086 324 3143 fortiter
342 3085 499 3160 propellat:
525 3087 590 3172 quis
610 3088 670 3162 est,
690 3088 762 3159 quin
780 3092 913 3161 apertum
939 3105 1002 3144 esse
1022 3087 1115 3162 dicat,
1135 3101 1196 3141 car·

209 3194 277 3236 men
295 3180 362 3235 ante
383 3175 534 3234 Octaviani
553 3177 679 3238 reditum
698 3194 735 3234 ex
755 3179 885 3259 Oriente,
905 3197 962 3255 quo
974 3178 1108 3238 Parthica
1120 3191 1197 3233 com·

209 3274 356 3347 posuerat,
377 3271 516 3345 scriptum
533 3287 608 3348 esse,
628 3272 658 3327 et
677 3270 794 3346 quidem
812 3272 931 3329 ineunte
950 3287 1026 3329 anno
1045 3269 1119 3343 725,
1138 3281 1195 3339 quo
1313 3346 1328 3358 δ

211 3363 460 3436 splendidissimus
478 3363 527 3421 illc
546 3363 888 3438 triumphusaRomanis
899 3362 1119 3437 praepararetur
1130 3355 1194 3411 alii-

209 3468 266 3526 que
285 3455 409 3516 honores
435 3454 463 3510 ei
488 3450 730 3513 decernerentur‘i
767 3457 811 3511 Eo
830 3458 941 3512 tantum
966 3455 1110 3522 tempore,
1135 3459 1193 3518 quo

210 3545 386 3602 Octavianus
404 3545 532 3602 nondum
549 3547 643 3604 Patris
669 3549 699 3602 et
716 3547 865 3616 Princtpm
888 3542 1006 3600 nomina
1029 3553 1193 3610 assumpse·

207 3638 265 3713 rat,
283 3635 420 3694 Horatius
440 3637 507 3709 apte
526 3653 629 3694 canere
647 3636 755 3710 potuit:
769 3637 851 3709 „Hic
870 3649 954 3690 amca
971 3633 1030 3691 dici
1047 3633 1114 3689 Pat.
1134 3635 1193 3702 atq.

209 3730 342 3805 aanor,
361 3726 497 3785 nimirum
515 3729 700 3802 praesagiens
719 3725 831 3803 animo,
850 3725 920 3782 talia
939 3717 1051 3782 summo
1068 3724 1192 3796 impera·

208 3822 276 3894 tori,
294 3821 328 3879 ut
344 3819 413 3880 oiim
430 3820 507 3879 iulio
527 3819 654 3896 caesari,
673 3817 812 3876 tributum
830 3817 875 3876 iri.
914 3818 1000 3876 Certe
1016 3817 1114 3891 patrio
1128 3827 1191 3887 pa·
