2782 4558
619 297 662 314 ...
695 263 759 333 182
791 295 834 312 ..

229 388 352 494 5555
369 437 401 491 n
418 435 541 494 5555
559 431 684 506 prauum
703 449 722 489 a
738 431 852 490 senno
871 429 971 512 ’555
985 423 1061 511 (55
1079 432 1128 510 ar,
1146 428 1223 514 nn),

226 530 261 583 51
283 523 455 598 Scytharum
481 537 554 596 genu
578 519 624 600 (h.
650 541 676 581 5.
701 524 770 580 lstri
794 515 926 604 accolae)
947 534 969 578 a
992 519 1033 580 na
1058 525 1165 582 Crasso
1190 517 1223 580 15
1253 523 1255 528 ’
1322 545 1329 611 ζ

227 617 371 675 ditionem
389 613 603 687 redigebantur.
648 615 710 673 llos
735 613 814 671 onim
838 611 1005 670 frendentes
1019 613 1123 686 jugum
1140 621 1222 672 5555-

228 709 310 782 pisse
329 711 359 764 ot
376 707 514 764 Ronranis
532 707 640 764 renum
658 705 806 762 minitatus
826 719 891 762 esse
909 718 963 778 pro
981 707 1063 762 nerto
1082 705 1172 763 dieas.
1185 741 1223 750 -

229 791 285 856 isti
307 801 406 855 autem
430 798 521 855 aetati
545 798 602 856 hoo
626 807 743 856 5555555
767 795 886 854 minime
910 796 1055 853 convenit
1099 797 1174 855 Nam
1191 795 1223 853 in

227 903 256 946 5.
276 889 294 945 5
314 897 356 964 sq.
375 891 407 946 et
426 889 470 947 15.
495 901 600 946 canum
621 905 656 946 55
679 889 779 966 prodit
800 891 899 962 poeta
941 887 1149 946 Albeeeentem
1174 904 1222 946 55-

97 982 104 994 “
226 974 331 1054 pillum
349 981 453 1040 babuit
470 995 497 1037 a.
514 981 599 1058 ten,
616 981 684 1055 ipso
701 981 778 1038 teste
794 980 843 1037 od.
862 979 898 1056 3,
917 965 970 1036 [lt.
994 977 1041 1036 25.
1060 1013 1099 1024 -
1116 979 1222 1052 Perpe-

227 1085 292 1128 ram
309 1072 442 1148 plerique
461 1069 583 1129 odaritm
601 1071 640 1129 ad
658 1085 684 1131 a.
704 1071 769 1135 734.
789 1069 966 1146 retulerim,
980 1059 1081 1127 'etiam
1104 1071 1221 1128 Kimlrn

226 1166 341 1236 quaest.
361 1177 390 1237 p.
408 1165 437 1220 5.
456 1159 485 1240 ᾖ.
502 1164 734 1222 a-‹convenn
751 1163 823 1221 milri
842 1174 909 1220 enm
927 1161 1095 1220 Groteiend.
1113 1177 1143 1236 p
1156 1161 1220 1218 472

181 1252 184 1266 '
227 1282 267 1297 --
290 1245 1067 1322 Π511515511551Ρ55555.551.263.5101515555
1085 1253 1117 1310 ln
1133 1249 1233 1332 Jahn„

226 1344 324 1400 55551.
341 1359 370 1402 e.
392 1341 473 1403 1832.
492 1345 549 1404 551.
569 1345 592 1404 1.
611 1348 681 1405 iaso.
701 1347 728 1404 4.
748 1361 777 1423 p.
795 1345 862 1403 576.

303 1523 488 1584 OM
504 1530 588 1586 m
618 1531 729 1608 „Nuda
746 1532 839 1606 tanqu
855 1523 968 1603 feroe‘
981 1523 1098 1587 videtu
1115 1528 1223 1585 laetum

137 1673 138 1678 ,
227 1629 295 1674 esse
311 1631 367 1692 per
384 1631 410 1677 a.
429 1619 494 1678 725.
514 1624 545 1679 51
565 1620 630 1679 726.
669 1615 919 1688 Quemadmodum
937 1622 1016 1679 enim
1036 1618 1099 1691 jam
1116 1633 1170 1692 por
1188 1635 1221 1676 55

227 1713 455 1770 consentaneum
483 1716 544 1790 est,
573 1714 726 1773 Horatium
750 1729 809 1772 non
833 1714 931 1789 prins,
960 1725 1047 1787 quam
1074 1711 1220 1768 Antonius

229 1803 385 1874 superatus
404 1805 623 1879 exstinctosque
642 1809 738 1883 55551,
763 1821 782 1863 a
800 1806 972 1864 Maecenate
988 1805 1123 1875 rogatum
1139 1801 1222 1858 insti·

228 1891 384 1966 ssatnnrqne
407 1905 489 1972 5555,
515 1900 549 1952 51
574 1897 708 1956 Caesaris
734 1897 870 1955 51515555
893 1893 1057 1954 celebraret
1081 1893 1222 1952 earmine:

229 1980 308 2042 itae
326 1997 370 2042 55.
391 1985 435 2042 ll.
456 1991 487 2042 et
506 1988 568 2046 122
1197 1979 1208 1993 ’

229 2101 231 2106 ·
451 2110 491 2122 -
525 2080 631 2154 'l'uque
649 2079 835 2154 pedestribus

363 2199 366 2214 ›
379 2166 468 2224 Dices
486 2169 617 2228 historiis
635 2171 752 2245 pinalis
765 2169 911 2246 uaesarn,

352 2299 354 2305 .
378 2257 551 2338 Maecenas,
571 2261 691 2339 melius,
711 2266 862 2336 55515555
877 2275 934 2333 per
951 2260 1019 2319 aias

528 2353 646 2428 Reputo
665 2355 744 2413 55115
761 2351 939 2427 minucium,

230 2428 347 2494 abunde
365 2442 448 2514 patet
466 2441 553 2502 ndum
571 2448 639 2520 post
656 2443 801 2518 triplicem
818 2443 935 2500 demum
947 2439 1134 2518 triumphum,
1153 2437 1223 2499 Dal-

231 2527 384 2608 metitum,
404 2534 558 2593 Actiacum
575 2539 607 2593 51
623 2533 972 2595 Alexandr-inunmense
991 2531 1094 2591 Sextili
1112 2548 1138 2590 a.
1157 2530 1222 2590 725.
1292 2561 1297 2566 ·

125 2631 127 2644 ¹
230 2633 251 2674 a
270 2620 393 2678 Caesare
418 2641 456 2682 ex
480 2626 601 2684 Oriente
625 2622 731 2684 reduce
756 2629 853 2683 aetum
881 2625 1019 2700 scriptam
1043 2641 1119 2682 esse.
1159 2622 1225 2684 Nec

232 2710 322 2768 multo
338 2716 500 2788 posteriore
519 2719 650 2792 tempore
668 2717 773 2792 potuit
807 2715 888 2777 Nem
905 2717 1031 2792 primum
1049 2716 1224 2788 0515515555

231 2799 402 2876 sinpliciter
421 2807 526 2866 dieitur
548 2811 662 2869 Onetor
678 2827 707 2866 5.
728 2807 774 2868 10.
811 2808 928 2869 Deinde
946 2826 1013 2866 eum
1031 2811 1099 2883 post
1117 2808 1224 2864 acutis-

231 2889 321 2950 simas
346 2895 556 2971 disputationes
584 2899 724 2976 Bentleji,
753 2896 923 2958 Buttmanni
951 2896 1088 2982 (Mythol.
1116 2896 1173 2955 vol·
1196 2894 1222 2956 L

232 2996 262 3056 p.
282 2983 361 3061 340.)
387 2990 417 3045 51
434 2990 594 3048 Weicherti
619 2989 710 3066 (poet.
730 2990 781 3047 rel.
801 3008 831 3065 p.
852 2991 907 3048 462
931 3021 970 3036 -a
987 2989 1049 3066 74.)
1077 3004 1137 3046 555
1154 3005 1223 3064 pos·

232 3072 273 3129 sit
291 3073 418 3136 dubitari
435 3081 506 3154 quin
525 3094 552 3138 5.
573 3081 617 3138 l&
636 3082 815 3158 1555555555
831 3081 949 3139 nomine
968 3076 1083 3152 signata
1099 3079 1140 3138 sit
1163 3081 1223 3140 25-

149 3164 152 3175 ’
231 3171 346 3245 reuda,
370 3171 562 3244 pulcherrima
589 3173 767 3231 Maecenatis
794 3186 884 3233 uxor:
912 3173 968 3235 hee
995 3166 1092 3230 minus
1120 3173 1224 3247 opinor
1331 3191 1340 3214 ·

232 3255 367 3338 fallimur,
387 3263 413 3340 51
431 3261 468 3321 ob
487 3282 514 3322 5.
535 3263 580 3322 15.
598 3263 698 3342 5116,
717 3263 865 3340 inquibus
878 3263 979 3344 „bene
995 3266 1110 3323 mntude
1123 3263 1223 3335 115555

232 3357 337 3419 Pectus
370 3354 548 3416 55555555(ί
572 3357 727 3414 Terentiae
761 3357 918 3432 tribuitur,·
955 3356 1050 3412 totum
1081 3353 1222 3424 juvenilis

234 3443 389 3500 uxorculae
414 3448 600 3518 praeconium
621 3450 729 3521 primic
751 3448 819 3508 initi
835 3447 1019 3506 matrimonii
1043 3446 1134 3500 55515
1153 3448 1221 3501 555-

176 3558 179 3570 .
231 3528 629 3618 5551555551155555,55ο
654 3539 760 3596 5551155
784 3539 961 3611 compertum
979 3533 1136 3612 babemus,
1160 3549 1224 3592 rnn-

231 3619 317 3678 tuum
328 3620 477 3698 utriusque
490 3630 619 3700 conjugis
631 3645 758 3688 eruorem
770 3627 938 3704 saepissime
947 3625 1096 3684 nutrisse
1109 3629 1223 3704 posteo,

232 3713 267 3768 et
284 3714 360 3772 mala
378 3711 538 3795 discordia,
550 3707 553 3714 ’
565 3721 708 3794 zelotypia
724 3735 760 3779 ae
778 3713 899 3796 perfidia
923 3718 1071 3777 turbatum
1097 3717 1222 3776 interm·

230 3805 374 3883 'stumque
398 3821 471 3868 5555.
518 3801 602 3872 Nunc
625 3827 692 3872 eum
710 3813 864 3872 Maeeeuas
888 3807 1082 3872 5125555115
1099 3811 1220 3871 intrnn
1281 3873 1286 3880 ,
1377 3823 1378 3844 ¹
