2790 4566
751 206 755 220 1

631 285 836 352 ...ffi-

243 447 307 522 peti
322 463 418 523 posse.
458 447 611 507 caeterum
636 451 671 506 at
690 445 847 508 Weicbert.
872 465 902 524 p.
928 429 978 514 rel.
999 466 1027 524 p.
1048 451 1232 532 neo-297,

118 524 129 555 ⁸
243 541 274 596 et
301 540 337 596 de
365 537 548 602 bibliothecis
577 539 627 612 qui
661 541 825 616 nuperrime
861 540 1021 616 disputavit
1048 541 1171 606 Becker.
1200 547 1233 604 16

243 630 326 690 Gallo
344 631 399 689 vol.
419 631 442 687 Ι.
461 647 490 705 p.
508 630 685 697 ,leo-164.

53 884 76 915 x
295 813 477 876 mma
500 814 544 872 V.
558 815 562 822 '
575 791 765 892 ,Musaeum
782 813 921 890 mcpaaf‘
941 818 1057 890 egregie
1083 806 1234 878 confirmat¹

241 921 328 980 quam
345 906 389 980 ‚de
419 903 520 968 ordine
553 907 705 964 seiherum
733 925 771 964 ex
800 908 939 986 temporis
969 909 1045 966 serie
1074 911 1231 969 constituto

116 1065 122 1076 ,
240 999 381 1072 proposui
399 997 619 1076 conjecturamg
639 1000 721 1056 Hane
746 999 824 1056 enim
848 1017 875 1056 a.
901 999 965 1056 717.
991 999 1130 1074 scriptam
1153 1019 1229 1080 esse,
1309 1002 1316 1010 “

64 1149 68 1157 ,
119 1128 124 1139 .
239 1104 298 1146 ncn
323 1089 495 1161 conjecturis
521 1088 573 1145 sed
597 1090 683 1146 certis
712 1090 850 1148 historiae
878 1091 1053 1150 testimoniis
1081 1092 1229 1164 probatur.

239 1181 283 1238 Ae
307 1181 432 1255 primum
457 1179 574 1254 quidem
598 1174 664 1236 eum
687 1182 824 1238 Horatius
849 1182 905 1238 iter
933 1182 988 1239 hoe
1012 1182 1229 1260 Brundisinum,

239 1269 318 1344 quod
341 1271 484 1342 Lucilium
505 1271 665 1328 aemulatus
685 1258 859 1330 testantibus
878 1273 981 1330 Soholl.
1002 1265 1156 1347 descripsit
1173 1267 1228 1354 (of.
1309 1310 1315 1320 ,

238 1366 365 1438 Varges,
395 1363 427 1419 G.
456 1361 561 1418 Lucilii
589 1362 690 1442 Satin,
723 1379 796 1438 quae
825 1380 863 1420 ex
889 1363 965 1421 libro
982 1362 1033 1420 111.
1061 1366 1226 1438 supersunt

172 1506 174 1510 ,
239 1452 354 1516 stettin
376 1446 492 1534 1836.),
512 1454 690 1510 Maecenatis
709 1455 741 1511 16
760 1454 897 1512 comitatu
915 1455 1017 1512 lecerit
1034 1450 1086 1536 (ef.
1104 1473 1133 1512 v.
1152 1449 1228 1536 27),

238 1545 270 1602 id
288 1535 483 1601 manifestum
497 1546 543 1600 est
567 1558 627 1601 non
650 1546 781 1619 potuisse
801 1545 909 1620 suscipi
927 1549 995 1604 ante
1013 1546 1099 1602 finem
1117 1562 1143 1603 a
1162 1545 1227 1602 716.

237 1636 285 1692 vel
300 1635 418 1692 initium
437 1634 601 1712 sequentis,
626 1650 695 1709 quo·
708 1637 741 1694 in
764 1637 895 1694 intimam
912 1637 1090 1694 Maecenatis
1108 1636 1229 1694 familia·

236 1727 354 1784 ritatem
371 1726 505 1800 pervenit
522 1729 610 1800 pocta
634 1721 684 1808 (v.
703 1726 768 1785 inlr.
789 1727 827 1786 ad
851 1729 909 1786 Sat.
929 1729 963 1806 2,
983 1721 1043 1808 6.).
1080 1727 1164 1793 Unde
1183 1743 1229 1784 er·

236 1821 311 1876 roris
331 1818 466 1876 continno
477 1811 681 1888 'coarguuntur
699 1819 749 1892 qui
766 1819 824 1876 iter
841 1819 874 1876 in
892 1810 996 1878 Ι1711.
1015 1819 1153 1880 incidisse
1172 1818 1230 1876 sibi

166 1907 189 1955 'f
237 1913 459 1986 persuaserunt,
479 1924 536 1982 quo
556 1925 609 1982 per
627 1910 821 1986 Maecenatis,
848 1901 962 1982 Cocceji
981 1914 1012 1970 et
1029 1911 1167 1970 Pollionis
1184 1911 1228 1968 in-
1310 1965 1318 1984 ,

134 2031 158 2047 ,
236 2001 445 2060 tercessidnem
462 2000 539 2056 inter
557 2000 723 2062 triumviros
742 1991 890 2058 Brundisii
907 2003 1077 2078 perlaeta,
1097 2005 1128 2059 et
1143 2003 1228 2060 Oeta·

237 2093 302 2169 via,
334 2091 487 2149 Octaviani
511 2107 609 2168 soror,
639 2091 728 2148 vidua
752 2091 898 2168 Marcelli,
926 2093 1055 2150 Antonio
1083 2092 1229 2167 desponsa
1305 2097 1308 2100 ’

238 2184 277 2240 sit
296 2176 437 2263 (Appian.
456 2182 485 2239 b.
506 2181 560 2239 civ.
580 2183 614 2259 5,
633 2183 679 2240 64.
698 2183 773 2239 Plut.
792 2183 899 2239 Anton.
919 2177 992 2264 31.).
1030 2183 1228 2257 116166661-

237 2275 355 2333 nionem
382 2273 475 2351 docta
490 2273 610 2348 insuper
635 2273 830 2347 disputatione
854 2274 961 2332 refellit
978 2275 1106 2332 Messon
1125 2273 1157 2331 in
1174 2273 1226 2330 vit.

207 2351 211 2359 '
236 2368 307 2424 nor.
319 2383 348 2440 p.
360 2365 492 2422 el-ee
511 2364 775 2439 demonstravitque
786 2379 852 2440 pag.
866 2365 945 2436 125„
963 2367 1085 2444 lemos,
1104 2381 1227 2440 quorum

236 2459 293 2516 iter
316 2457 455 2516 Horatius
479 2471 575 2514 comes
600 2455 802 2532 descripserit,
827 2456 882 2514 sub
907 2461 1092 2515 auctumnum
1110 2451 1162 2537 (cf.
1182 2472 1225 2515 vs.

237 2551 281 2607 14.
304 2549 347 2607 15.
368 2549 413 2606 73.
433 2549 478 2606 81.
499 2543 563 2631 96.)
583 2549 652 2606 6661
670 2564 698 2604 u.
719 2565 743 2606 o.
764 2548 845 2624 lll.,
864 2549 903 2592 ‘—
921 2565 978 2622 quo
997 2549 1099 2608 foedus
1117 2549 1226 2607 Taren·
1278 2551 1280 2566 '

235 2642 328 2699 tinum
346 2641 423 2698 inter
443 2641 597 2698 Gaesarem
616 2640 646 2696 et
663 2638 824 2696 Antonium
843 2639 981 2698 Octaviae
1003 2655 1093 2715 opera
1110 2655 1225 2714 compe·

236 2734 324 2792 situm
342 2734 388 2790 est
405 2752 443 2776 -2-
462 2730 499 2788 ad
522 2730 681 2799 Antonium
701 2731 819 2790 caesari
842 2731 1086 2790 reconciliandum
1104 2729 1225 2788 Brundi·

235 2826 311 2882 sium
329 2824 446 2882 abiisse.
484 2823 567 2882 Hanc
584 2823 715 2881 Massoni
735 2823 924 2900 sententiam,
943 2839 1030 2897 quam
1053 2821 1224 2892 Wesseling.

235 2917 268 2972 in
285 2917 442 2974 observati.
462 2914 566 2972 variar.
591 2915 657 2972 libr.
676 2915 713 2970 Π.
741 2931 802 2987 eap.
824 2915 876 2970 15.
893 2913 1024 2971 futilibus
1049 2911 1226 2983 argumentis

234 3007 277 3064 ita
295 3005 411 3083 rejecit,
431 3009 464 3062 ut
482 3005 539 3062 iter
557 3004 764 3061 Brundisinum
788 3003 826 3059 ad
851 3019 878 3059 a.
898 3002 962 3058 716
982 3002 1128 3076 pertinere
1147 3000 1225 3058 diee-
1276 3068 1279 3080 Ι

235 3100 297 3168 ret,
315 3113 374 3170 quo
392 3097 536 3154 Antonius
555 3113 575 3152 a
594 3096 718 3152 Caesare
737 3095 856 3150 vocatus
874 3095 995 3167 propter
1013 3093 1078 3151 Sex.
1094 3091 1225 3167 Pompeii

234 3189 343 3247 bellum
361 3205 378 3246 e
398 3187 521 3246 Graecia
537 3184 723 3243 Brundisium
741 3183 822 3241 venit
840 3183 892 3241 sed
909 3184 992 3242 brevi
1008 3187 1076 3260 post
1086 3171 1226 3244 ¹revectus

234 3284 281 3338 est
299 3273 398 3360 (App
417 3279 446 3337 b.
466 3297 492 3337 e.
511 3279 545 3355 5,
570 3273 639 3355 78.)
658 3306 696 3320 -
720 3275 867 3353 Messeni,
891 3277 1025 3354 inquam,
1051 3276 1225 3334 sententiam

233 3377 295 3430 tam
313 3373 419 3430 acriter
442 3371 533 3428 tuitus
553 3371 732 3444 est-tamque
752 3368 836 3427 docte
856 3368 1034 3426 confirmauit
1047 3367 1224 3424 Kircbnerus

234 3447 397 3534 in'quaest.
416 3477 446 3534 p.
466 3462 502 3519 54
523 3479 582 3539 sq.,
608 3463 642 3517 ut
658 3477 713 3526 nee
732 3459 768 3516 de
786 3459 910 3516 veritate
929 3457 991 3526 eius
1011 3455 1138 3512 dubitari
1155 3469 1224 3529 pos·
1256 3531 1259 3541 Ι
1381 3537 1382 3548 ¹

235 3551 289 3627 sit,
314 3567 369 3608 nec
393 3565 467 3623 opus
492 3552 532 3608 sit
554 3551 685 3626 pluribus
710 3563 774 3605 eam
797 3547 830 3604 in
852 3563 914 3604 rom
932 3545 1088 3620 inquirere.
1126 3545 1224 3612 Quare

235 3640 387 3702 Kuebneri
416 3639 548 3711 vestigiis
576 3638 714 3696 insistens
739 3651 879 3694 summam
909 3639 1021 3694 tautum
1048 3653 1145 3696 rerum
1173 3636 1224 3694 de-

236 3749 387 3886 terme
411 3825 509 3884 omnia
532 3822 703 3900 videndun,
729 3820 799 3898 quid
824 3838 861 3884 ex
884 3821 999 3886 Horatii
1028 3820 1224 3898 descriptione
