2782 4558
413 307 417 313 .
542 224 772 306 -nt-'

154 421 269 469 osotau
287 423 324 465 oo
342 403 507 480 adducant,
529 403 563 462 ut
584 410 727 480 nepetam
743 399 830 458 lrollii
854 399 965 484 cladem
983 399 1015 457 in
1031 397 1080 458 tn
1095 409 1143 458 ces

154 501 284 574 spectaro
302 500 456 572 totumque
478 510 595 552 carmen
618 495 774 568 propteroa
797 491 835 550 ab
858 493 980 550 Horatio
1004 491 1144 566 scriptun

154 607 220 648 esso
238 589 396 666 existimet,
414 591 527 644 utnon
544 585 637 644 solum
655 584 849 644 calamitatem
867 582 1040 656 ejus'vcluti
1064 583 1144 640 datos

153 681 196 738 ris
214 680 312 738 socius
328 680 457 755 lugeret,
484 676 537 736 scd
562 678 651 736 etiam
671 675 752 747 justa
775 690 903 751 morum,
929 674 1040 746 ingenii
1057 677 1145 748 atque

153 771 322 829 meritorum
345 769 562 845 praedieatione
586 784 655 827 eum
678 783 698 824 a
720 766 801 840 erigi
824 766 987 842 vituperio,
1012 765 1145 837 crimina-

154 861 293 939 tionibus,
313 861 426 918 inuidis
443 862 475 918 ct
492 860 560 918 odio
578 861 717 918 tueretur.
734 858 783 916 lta
795 857 964 930 judicarint
980 858 1049 931 post
1066 856 1145 914 Mac

154 969 216 1012 son.
234 953 286 1012 rit.
304 955 381 1022 Hor„
392 969 425 1027 p.
439 951 496 1010 319
513 951 559 1027 sq‘.
576 950 737 1028 smdon,
756 950 841 1027 Jani,
860 949 970 1009 Grotot'.
988 963 1018 1023 p.
1036 946 1103 1006 tte.
1119 963 1147 1005 a.

154 1044 271 1118 aliique.

229 1135 312 1204 Quae
331 1135 367 1193 de
386 1134 517 1194 moribus
541 1137 572 1192 et
595 1132 713 1204 ingenio
736 1130 825 1190 Lollii
848 1131 1004 1206 scriptores
1028 1130 1149 1190 tradunt

60 1256 71 1278 1
154 1221 245 1307 (vauw
261 1228 324 1285 Pac.
342 1227 378 1304 2,
403 1227 449 1285 ot.
474 1229 505 1284 o
530 1225 594 1286 ron.
617 1225 689 1284 run
714 1223 745 1280 n
760 1239 791 1280 n.
810 1223 846 1301 o,
871 1223 917 1282 as.
935 1223 1006 1282 rsa
1022 1223 1098 1282 ann
1117 1222 1148 1300 c,

155 1317 203 1375 48.
221 1319 257 1377 cf.
274 1318 394 1378 Passer.
411 1319 463 1376 vit.
483 1320 543 1378 not
562 1316 629 1374 263.
639 1333 669 1391 p.
684 1307 818 1397 cm),
837 1331 875 1372 es
891 1315 996 1372 mirum
1007 1317 1148 1389 quantum

155 1424 225 1466 sane
250 1409 287 1466 ab
312 1409 439 1481 imagine
468 1426 555 1485 quam
572 1408 711 1468 Horatius
736 1407 832 1482 pinxit
850 1406 1031 1481 discrepant,
1054 1405 1098 1462 ita
1115 1407 1149 1461 ut

154 1501 205 1556 aut
223 1499 388 1558 auctoribus
414 1503 465 1558 aut
487 1502 594 1574 poetae
620 1497 808 1555 diffidendum
826 1497 874 1555 sit.
911 1499 1054 1556 Neutrum
1077 1511 1149 1553 vcro

154 1603 209 1647 nec
228 1592 325 1665 potest
343 1591 407 1648 fieri
425 1607 480 1648 nec
498 1589 594 1648 debet.
625 1590 701 1648 Nam
719 1589 851 1662 quamvis
871 1587 976 1659 exigua
995 1588 1034 1643 sit
1051 1589 1150 1644 aucto·

154 1681 226 1738 ritas
246 1697 363 1758 oerum,
392 1682 442 1757 qui
466 1681 591 1739 Lollium
615 1681 782 1756 pravissimi
799 1679 889 1737 inisse
913 1679 1002 1736 animi
1021 1677 1150 1757 tradunt,
1177 1749 1184 1759 ι

156 1777 279 1848 apparet
297 1776 395 1830 tamen
420 1773 542 1831 crimina
566 1788 641 1848 quae
666 1773 698 1829 in
722 1787 789 1828 cum
809 1769 955 1844 jaciantur
979 1785 1039 1826 nou
1063 1785 1150 1844 possa
1218 1809 1221 1814 ,

33 1911 38 1922 .
153 1879 272 1938 prorsus
292 1863 492 1922 commenticia
510 1879 585 1923 esse.
614 1839 693 1931 (inin
711 1860 891 1936 comparanti
908 1861 1160 1922 milriHoratiani,

148 1954 291 2031 ⁸carminis
309 1973 338 2013 v.
358 1956 393 2013 37
414 1971 475 2030 squ
560 2011 567 2018 ,
758 1959 760 1966 ’
862 1963 864 1970 ·

302 2045 421 2106 Vindex
437 2063 543 2122 avarae
560 2046 682 2125 mandis,
700 2049 734 2121 ct
751 2046 907 2108 acum

301 2141 451 2200 Ducenio
470 2142 512 2198 ad
529 2155 563 2198 se
581 2146 692 2201 condo
707 2141 859 2214 pensatas

13 2251 14 2258 ¹
91 2231 96 2236 '
155 2245 221 2286 cum
238 2229 343 2304 Velleji
367 2230 482 2309 verbis,
507 2231 559 2304 qui
576 2231 643 2292 libr.
661 2231 688 2290 2.
707 2247 771 2306 cap.
790 2231 837 2289 97.
857 2231 982 2292 Lollium
1006 2232 1152 2294 bominem

154 2321 189 2378 io
207 2323 311 2380 omnio
326 2326 478 2393 pecuniae
495 2339 592 2396 qoam
608 2330 690 2382 recto
703 2319 842 2393 faciendi
853 2315 1041 2396 cupidiorem
1059 2328 1090 2384 ot
1107 2327 1155 2388 iu·

154 2412 360 2470 barsumam
376 2412 516 2470 vitiorum
534 2412 793 2470 dissimulationem
813 2413 1032 2476 vitiosissimum
1043 2418 1153 2491 crepat,

157 2502 316 2560 verisimile
335 2502 367 2560 dt
386 2501 450 2574 ,iam
467 2502 581 2562 Horatii
601 2505 732 2576 tempore
750 2503 906 2578 praecipue
926 2503 963 2561 de
980 2505 1067 2564 Lollii
1085 2521 1154 2564 ava·
1178 2540 1186 2578 3,

153 2591 222 2648 ritis
240 2608 332 2667 eaque
347 2593 481 2666 justitiae
501 2596 531 2650 et
550 2595 747 2652 continentiae
764 2595 882 2652 modum
901 2596 1060 2654 excedente
1077 2596 1153 2654 invi·

135 2682 254 2741 ,diosus
273 2685 381 2742 Romae
405 2701 536 2742 rumores
563 2702 681 2760 sparsos
705 2686 806 2745 luisse.
844 2687 977 2746 Proiecto
996 2687 1074 2746 enim
1093 2688 1152 2744 sin·

20 2851 21 2862 ¹
147 2765 263 2845 ‘gelans
282 2777 371 2832 luerit
389 2793 493 2834 caussa
510 2793 631 2835 neccsse
651 2780 713 2854 est,
742 2793 801 2852 qua
828 2781 988 2836 commotus
1016 2781 1104 2852 poeto
1121 2779 1160 2834 in.

155 2865 345 2924 collaudando
370 2871 430 2925 tarn
454 2869 545 2928 nobili
570 2869 634 2927 viro
652 2885 724 2944 pree
743 2870 865 2928 caeteris
884 2885 944 2928 uon
961 2861 1070 2928 diserte
1089 2869 1154 2942 ojus

156 2957 378 3036 continentiam,
407 2959 460 3018 sed
484 2963 635 3036 pecuniae
663 2961 877 3030 medontam
900 2962 1015 3036 pressit.
1051 2961 1154 3020 Altera

144 3049 194 3102 ‘ex
211 3050 296 3120 parte
314 3049 387 3106 mihi
404 3053 658 3126 persuasissimum
676 3055 731 3131 est,
751 3057 815 3114 tum
831 3054 985 3115 Horatium
1003 3069 1063 3112 non
1075 3070 1152 3111 eom·

155 3137 251 3211 posito
275 3140 356 3195 vultu
381 3142 434 3198 sed
459 3144 573 3201 sincero
597 3146 694 3205 animo
718 3146 805 3209 Lollii
828 3147 930 3204 laudes
956 3145 1096 3202 cecinisse
1122 3147 1152 3201 ot

103 3277 105 3282 .
154 3228 245 3286 malos
263 3228 336 3288 istos
354 3247 495 3310 rumores,
515 3233 611 3309 siqui
630 3228 859 3312 increbrescunt,
879 3253 933 3310 pro
951 3235 1102 3303 malevolis
1120 3237 1153 3290 ei

154 3319 229 3378 fictis
248 3319 495 3390 criminationibus
514 3325 662 3402 habuisse,
681 3328 744 3384 tum
761 3327 903 3404 Lollium,
922 3324 973 3400 qui
991 3327 1074 3382 tanta
1090 3325 1152 3385 Au-

156 3411 234 3481 gusti
252 3411 346 3483 gratia
369 3415 487 3471 floreret
511 3417 541 3472 et
559 3419 604 3474 tot
622 3417 769 3492 tantisque
794 3409 954 3474 honoribus
979 3417 1178 3495 abactam

27 3517 29 3580 ]
155 3502 270 3559 Horatii
287 3503 421 3562 laudibus
441 3503 561 3576 dignum
584 3507 675 3566 misse
700 3511 746 3585 et,
773 3508 960 3586 sinnquarn,
988 3509 1151 3582 posteriore
1177 3517 1181 3526 “

156 3590 271 3651 demum
289 3596 436 3672 tempore,
461 3598 590 3656 moribus
614 3600 647 3658 in
666 3599 785 3658 Oriente
810 3601 933 3659 lmtasse
952 3601 1111 3677 corruptis,
1131 3617 1151 3656 a

155 3684 278 3757 pristina
307 3688 452 3761 probitate
485 3683 652 3752 desciuisse.
688 3693 728 3750 Et
752 3708 822 3750 sans
848 3695 874 3752 si
898 3696 1006 3769 testes,
1037 3691 1087 3765 qni
1112 3690 1152 3746 de
1258 3745 1262 3758 ,

155 3774 240 3839 1¹⁰lffi
258 3773 386 3848 mribus
400 3778 586 3860 judicarunt,
605 3783 819 3876 componimus,
836 3784 886 3842 rel
904 3801 958 3862 per
976 3800 1009 3842 se
1028 3797 1150 3842 consen·
