2790 4566
544 275 850 374 -rrr--f

130 429 220 516 XV,
241 436 544 497 1001101001οο
565 441 673 516 tangit,
698 439 794 498 nullus
818 442 946 512 eiusdem
966 409 1097 500 nominis
1115 447 1145 500 et

157 535 252 590 sectae
272 531 461 606 philosophus
486 531 712 606 ascriptoribus
737 536 919 589 memoratur.
956 533 1012 591 Hic
1037 535 1144 610 autem,
1206 589 1209 604 ζ
1256 601 1267 608 ,

155 627 294 697 quantum
319 639 357 679 ex
376 621 435 680 Cic.
461 621 584 694 epistola
609 623 770 694 conjectare
795 623 879 699 licet,
898 624 1056 697 Epicureae
1075 625 1144 684 1110-

154 714 238 790 resir,
258 713 350 788 qualis
370 713 447 787 apud
465 713 611 770 Romanos
629 718 699 770 tunc
716 714 848 792 liquebat,
868 730 927 770 non
939 699 1078 784 ignobilis
1094 733 1144 772 an·

154 805 237 864 tistes
255 806 320 880 fuit,
341 820 433 876 ecque
451 804 548 860 notior
566 804 645 861 haud
663 805 761 880 dubie,
782 822 839 879 quo
858 807 956 879 plures
975 806 1144 879 discipliuae

153 897 333 970 voluptariae
352 898 414 952 tum
437 896 582 953 latebant
626 897 703 966 Ergo
729 895 770 952 nil
794 897 886 968 magis
918 899 1143 954 consentaneum

120 1003 126 1014 “
154 990 208 1064 est,
229 1003 316 1060 quam
334 989 373 1042 ut·
385 986 451 1042 huie
464 961 523 1061 ipsd
539 988 670 1060 quamvis
691 988 841 1046 demortuo
853 987 992 1046 Horatius
1009 987 1145 1043 tribuerit

147 1093 221 1154 ,rer
238 1080 437 1136 1000001οη111
446 1093 585 1136 sermone
599 1077 765 1152 peractac‘f
780 1074 823 1160 (v.
836 1073 890 1156 9.).
911 1079 1022 1135 Eadem
1030 1078 1144 1134 ratione

93 1217 98 1222 .
151 1169 183 1226 iu
201 1169 295 1242 prima
314 1169 398 1241 hujus
423 1169 578 1226 voluminis
603 1170 694 1226 satira
719 1167 854 1240 destructi
879 1171 1014 1227 Trebatii
1039 1169 1145 1227 Testae

148 1259 348 1330 jurisconsulti
384 1276 453 1336 usus
483 1263 528 1318 est
556 1276 681 1335 persona
709 1254 761 1340 (cl.
793 1263 902 1320 Grotei.
932 1278 961 1335 p.
991 1261 1055 1316 466.
1089 1250 1142 1341 a.)2
1208 1254 1215 1278 ⁸

51 1339 59 1348 ”
152 1352 358 1425 Quemcunque
388 1355 485 1409 autem
515 1353 547 1409 iu
576 1352 673 1409 animo
704 1352 807 1409 habuit
833 1351 963 1428 Catium,
996 1351 1028 1407 id
1059 1354 1142 1407 extra

152 1459 265 1501 omnem
292 1441 502 1500 dubitationem
521 1437 648 1520 positum
668 1445 727 1519 est,
747 1460 806 1516 non
826 1443 941 1502 Catium
960 1459 1059 1500 rosum
1078 1457 1143 1498 esse

150 1537 356 1609 redigentem
373 1549 523 1592 novorum
538 1532 770 1607 praeceptorum
789 1542 953 1608 merorem,
979 1535 1063 1604 eujus
1089 1548 1143 1588 10-

150 1625 330 1684 menoetius
349 1625 538 1698 pertinaciter
555 1620 691 1701 celatis.
713 1625 759 1680 11).
778 1625 823 1681 ll.
843 1624 889 1681 81.
910 1617 979 1701 sq).
1013 1625 1144 1695 Quapro·
1197 1609 1199 1615 ¹

148 1721 216 1791 pter
238 1719 399 1774 Memorare
417 1716 608 1791 conjecturae,
629 1715 678 1789 qui
706 1715 738 1770 11
767 1714 865 1788 script.
885 1713 1003 1770 miscell.
1029 1733 1058 1788 p.
1078 1713 1142 1770 285.

152 1808 183 1866 G.
201 1809 333 1864 Matium
351 1807 489 1880 equitem,
509 1805 634 1876 Augusti
653 1806 793 1882 amicum,¹
813 1805 968 1880 intellexit,
993 1804 1067 1860 nihil
1091 1804 1143 1859 tri·

147 1897 307 1973 buendum,
326 1897 498 1971 praesertim
523 1913 588 1954 cum
606 1897 715 1954 Matius
735 1896 876 1968 syllabam
895 1895 1019 1968 primam
1036 1894 1143 1968 produ-

148 1992 236 2065 ctam,
258 1988 356 2047 Catius
369 1991 531 2062 correptam
542 1988 657 2064 habeat,
678 1991 711 2044 ut
729 1979 804 2045 bene
816 1978 988 2046 observavit
996 1985 1147 2044 Obbarius

150 2081 182 2136 iu
202 2079 323 2136 Seebod.
355 2079 442 2137 Jahn.
462 2082 492 2136 et
510 2079 602 2136 Klotz.
629 2079 723 2136 annal.
748 2079 805 2136 vol.
833 2079 877 2136 15.
898 2080 966 2135 fasc.
994 2079 1020 2135 1.
1046 2094 1075 2150 p.
1095 2077 1141 2132 57.

148 2171 283 2228 Mansoni
302 2169 493 2246 adstipulatur
504 2171 620 2229 Passer.
640 2163 692 2229 ¹vit.
713 2174 772 2228 not.
795 2171 857 2228 172.
871 2171 985 2250 -lNec
1004 2165 1142 2226 audiendi

149 2266 216 2320 sunt
235 2261 284 2337 qui
296 2263 505 2320 Catii'nomine
523 2264 572 2320 vel
589 2265 686 2338 ipsum
704 2263 857 2320 Horatium
876 2262 923 2320 vel
941 2262 1143 2319 Maecenatem

147 2353 447 2426 latere-arbitrantur.
492 2354 584 2410 Immo
609 2355 807 2427 quaerendum
838 2358 898 2429 est,
932 2353 997 2426 quis
1021 2356 1142 2425 tyriotes

147 2446 197 2502 ille
219 2445 296 2503 darer
310 2451 541 2516 praeceptor
564 2446 660 2501 fuerit.
705 2447 790 2501 Hunc
814 2445 903 2515 igitur
921 2441 1065 2498 Wieland.
1089 2441 1141 2504 ,11-

147 2535 281 2594 credibili
300 2537 461 2591 commento
481 2535 644 2607 suspicatus
664 2535 971 2604 0010000110101111105
990 2529 1140 2596 Heindorf..

147 2641 181 2700 p.
197 2625 262 2680 337.
287 2627 378 2682 multo
402 2625 588 2681 verisimilius
608 2628 830 2684 Maecenatem.
876 2621 1040 2699 „Equidem
1066 2619 1141 2676 nihil

147 2716 216 2774 hinc
236 2715 384 2786 diffingere
404 2731 530 2789 possum.
569 2715 626 2771 Sed
652 2718 749 2770 tamen
768 2719 801 2772 ut
819 2709 945 2772 monitus
965 2728 1084 2786 caveas,
1102 2727 1140 2766 ne

147 2803 243 2864 lorte“
268 2807 302 2868 iu
318 2803 480 2862 Weicherti
498 2819 626 2860 errorem
650 2804 778 2879 incidas,
804 2805 912 2879 quiin
934 2807 1012 2876 poet.
1038 2803 1090 2858 rel
1110 2818 1139 2875 p.

149 2899 212 2955 417.
233 2897 270 2954 ab
296 2895 465 2953 Heindorfio
488 2897 546 2954 aab
575 2897 651 2954 Carti
674 2899 797 2954 0001100
820 2897 916 2971 ipsum
940 2894 1141 2960 Maecenatem

149 2989 328 3047 intellectum
347 2981 411 3045 esse
423 3005 525 3063 parum
544 2989 676 3045 accurate
697 2987 821 3061 scripsit.
835 3023 873 3032 —-
891 2986 991 3045 Redeo
1011 2983 1137 3045 inviam.

148 3081 297 3140 Kirchuer.
323 3080 355 3135 in
379 3080 439 3137 tab.
465 3080 563 3138 chron.
590 3079 707 3137 satiram
733 3080 770 3136 ad
796 3097 821 3136 a.
848 3080 912 3136 724.
937 3075 1047 3152 retulit,
1073 3091 1139 3147 pro·

148 3175 250 3246 pterea
280 3170 399 3246 opinor,
431 3171 509 3243 quod
538 3171 571 3227 iu
609 3170 688 3227 idem
718 3174 833 3244 tempus
863 3169 966 3227 incidit
995 3167 1085 3224 satira
1110 3164 1137 3220 8.

149 3263 208 3340 „Ut
231 3260 382 3344 Nasidieni
403 3260 480 3332 juvit
504 3264 534 3317 te
559 3276 654 3320 coena
677 3260 788 3319 beati.“
815 3264 849 3319 ci.
876 3262 1003 3317 Messon.
1033 3256 1084 3312 vil.
1109 3270 1137 3327 p.

149 3355 185 3410 33
205 3369 248 3427 sq.

197 3535 383 3594 ‘mm
400 3537 707 3615 11.«,,11000110000
736 3533 877 3595 directe(
902 3531 1008 3593 aetatis
1039 3504 1139 3588 notam

148 3628 279 3705 quamvis
298 3630 439 3686 incertam
457 3629 586 3686 continet
604 3628 636 3684 11
654 3646 681 3686 v.
702 3629 742 3685 62·
757 3663 795 3674 -
813 3629 877 3705 61,
902 3625 954 3684 ubi
978 3627 1065 3698 poeta
1089 3623 1138 3682 'li-

146 3720 254 3778 resiam
272 3721 476 3798 uaticinantem
494 3721 563 3779 lecit
581 3719 638 3777 ita:
