2758 4544
532 276 737 342 *ww-¹

149 444 284 520 artisque,
309 440 498 500 hauddubie
523 439 636 515 odium,
665 439 743 514 quod
766 439 798 494 in
826 439 958 519 publicae
975 439 1129 501 libertatis

147 550 347 612 oppressorem
365 535 552 608 conceperat,
577 531 715 605 paulatim
738 530 905 604 placabatur
922 536 953 591 et
970 532 1132 606 restingue-

146 626 240 684 batur.
277 627 316 683 Et
334 641 400 682 cum
418 623 594 686 Octavianus
618 621 813 681 moderatione
837 629 904 701 sua,
929 624 1059 698 beneque
1077 641 1130 699 pa·

146 717 219 776 triae
245 716 412 774 consulendi
435 715 617 772 simulatione
641 713 677 770 ab
703 714 884 770 eo'maxime
902 717 1047 794 tempore,
1072 731 1130 791 quo

145 809 295 885 Antonius
315 825 333 864 a
357 807 493 880 plurimis.
508 805 655 865 ‘contemni
679 807 773 878 atque·
785 805 877 862 hostis
891 805 1015 874 judicari
1034 809 1131 881 coepit

135 893 228 982 (anu.
255 899 319 956 718.
338 898 396 956 Dio
415 898 467 974 10,
492 896 537 954 32.
564 897 599 954 de
624 911 700 954 anno
719 895 783 952 722.
802 913 829 952 v.
849 896 939 954 Dion.
957 897 993 952 50
1000 937 1009 973 ,
1028 897 1054 955 1.
1074 892 1130 979 1.),

144 992 253 1063 majore
265 991 373 1046 aucus
387 989 425 1046 sit
443 989 549 1047 civium
562 1004 673 1047 amore:
694 987 794 1061 quidni
806 987 859 1044 sub
873 987 995 1044 eandem
1006 991 1131 1046 aetatem

144 1082 234 1140 etiam
257 1080 408 1138 Horatium
430 1081 473 1138 illi
497 1079 652 1138 indulsisse
671 1081 701 1136 et
720 1096 785 1136 cum
803 1096 839 1137 eo
858 1077 1067 1152 quodammodo
1085 1095 1131 1137 re·

142 1172 327 1230 conciliatum
346 1189 410 1228 esse
428 1172 585 1254 uerisimile
610 1167 670 1228 sut
711 1171 814 1244 Itaque
838 1171 918 1236 omni
941 1171 1045 1244 opinor
1064 1170 1131 1241 jnre

144 1265 295 1339 statuitur,
320 1263 471 1321 Horatium
488 1271 544 1336 per
561 1277 627 1318 anu.
648 1261 796 1319 718-20.
810 1262 918 1320 inflexa
928 1263 1019 1320 veluti
1033 1265 1141 1330 mente,

143 1356 265 1429 pristino
285 1371 337 1413 suo
357 1355 522 1418 adversario
539 1354 670 1428 coepisse
689 1356 794 1412 favere.
833 1353 918 1422 Quod
936 1355 962 1410 si
980 1345 1130 1436 verumff),

143 1447 295 1504 Sermones
318 1447 386 1504 libri
411 1447 434 1504 I.
461 1449 564 1520 sponte
588 1448 710 1521 apparet
733 1461 793 1502 non
815 1447 945 1520 potuisse
969 1448 1036 1520 post
1059 1445 1132 1502 illud

142 1541 257 1612 tempus
276 1537 372 1594 scribi.
410 1538 507 1611 Atque
525 1539 568 1594 ita
585 1537 723 1611 temporis
735 1538 871 1614 limitem,
891 1537 929 1592 ad
941 1552 1131 1610 quem'usque
1165 1613 1171 1633 δ
1207 1578 1217 1586 ..
1256 1551 1281 1558 ’“

141 1629 216 1686 liber
235 1629 358 1702 scriptus
378 1628 431 1704 sit,
450 1629 613 1684 invenimus
633 1628 771 1703 eundem,
791 1629 1004 1702 quamprologo
1015 1631 1047 1686 et
1060 1627 1137 1704 epi-s

142 1713 209 1791 logo
228 1719 423 1777 circumscribi
442 1735 529 1793 supra
546 1713 680 1776 vidimus.
845 1770 847 1774 .

217 1810 275 1866 Sed
299 1809 434 1882 quoniam
458 1809 512 1866 hac
536 1809 568 1864 iu
593 1807 787 1881 disputatione
807 1812 837 1866 et
855 1811 1024 1868 Sermonum
1041 1808 1149 1866 libros
1195 1849 1199 1856 .

143 1916 274 1958 seorsum
291 1899 435 1972 prodiisse
445 1896 490 1978 ⁰),
516 1902 546 1956 et
570 1900 693 1957 Satiram
713 1899 781 1957 libri
799 1901 822 1958 1.
841 1901 963 1974 primam
981 1901 1132 1974 prologum

142 2009 225 2067 esse,
251 1989 390 2048 decimam
415 1991 558 2066 epilogum
583 1993 616 2048 ut
640 2007 808 2048 concessum
833 1992 959 2067 sumpsi,
984 1994 1075 2048 restat
1098 1995 1132 2048 ut
1173 2010 1176 2020 ·

142 2086 294 2156 utrumque
319 2082 414 2161 quoad
439 2084 501 2154 ejus
519 2083 581 2140 fieri
598 2083 692 2156 possit
710 2085 885 2156 argumentis
896 2081 1028 2159 fulciam,
1047 2099 1131 2157 prae-

144 2175 243 2232 sertim
262 2189 327 2232 cum
345 2175 429 2231 aliter
448 2175 554 2232 sentire
573 2175 696 2232 viderim
713 2176 878 2249 Zumptism
902 2175 933 2231 in
952 2175 1046 2232 annal.
1065 2175 1129 2234 orit.
1181 2229 1182 2240 ,
1214 2208 1216 2214 ·

142 2264 266 2322 Beroliu.
293 2281 358 2322 ann.
380 2265 461 2322 1833.
486 2269 554 2324 iaso.
574 2256 619 2323 83.
640 2284 669 2342 p.
688 2267 763 2342 659.‚
782 2268 900 2326 Kirchn.
919 2267 952 2322 in
970 2269 1080 2340 quaest.
1099 2283 1130 2340 p.

144 2357 179 2413 13
200 2373 242 2430 sq.
263 2355 381 2430 ejusque
401 2372 534 2418 censores
553 2358 652 2429 Lange
670 2358 702 2414 in
720 2358 814 2416 annal.
833 2358 896 2415 crit.
915 2357 1040 2414 Beroliu.
1061 2372 1126 2414 ann.
1227 2441 1229 2448 Ι

144 2447 224 2506 1830.
244 2448 271 2506 2.
291 2449 347 2505 vol.
367 2465 395 2520 p.
415 2447 479 2504 800.
491 2447 663 2508 etFeamin
682 2449 826 2522 ephemer.
838 2449 913 2506 liter.
925 2449 1042 2506 Halous.
1062 2463 1128 2505 anu.
1172 2535 1175 2541 .

143 2538 491 2613 1ffimmpm

112 2751 116 2762 '
208 2748 238 2810 8)
254 2747 378 2796 Falluntur
406 2750 447 2812 qui
467 2750 593 2800 Horatium
619 2765 681 2800 anno
709 2754 803 2802 demum
824 2766 848 2800 u.
871 2766 892 2800 c.
915 2751 972 2800 720.
995 2750 1129 2814 adportes

142 2814 271 2864 Octaviani
293 2816 418 2865 transiisse
441 2820 576 2876 autumant,
598 2817 689 2867 Weicb.
709 2835 733 2882 p.
756 2834 776 2866 1.
798 2818 900 2880 1.,208.
923 2821 973 2866 not.
997 2819 1037 2866 22.
1059 2817 1129 2866 Pass.

142 2882 185 2930 uit.
209 2885 258 2929 not.
280 2881 338 2932 100.
361 2882 418 2932 103.
440 2883 496 2933 101.
520 2883 577 2932 116.
598 2885 656 2934 110.
679 2884 717 2936 ad.
731 2885 784 2933 Sat.
800 2883 830 2942 1,
853 2884 877 2932 0.
893 2884 934 2934 82.
952 2883 1040 2932 Obbar.
1058 2883 1128 2944 epist.

141 2947 218 3006 1,,1.
241 2947 297 2996 101.
324 2947 417 2997 Grates.
435 2965 463 3014 p.
485 2950 542 3000 166.
560 2951 583 2999 b.
629 2952 694 3004 Quos
721 2952 820 3011 meliora
847 2951 898 3012 jam
923 2951 1009 2998 docere
1033 2953 1130 3014 poterat

142 3012 252 3062 Scholion
276 3013 356 3080 Uraq.
379 3015 411 3063 ad
433 3016 502 3079 epod.
525 3016 555 3076 1,
578 3018 602 3066 7.
640 3017 751 3078 „Dicitur
771 3017 863 3066 Caesar
884 3017 1006 3080 Augustus
1025 3015 1128 3064 Horatio

142 3079 238 3128 dedisse
259 3081 358 3130 militiae
381 3084 544 3143 vacationem,
573 3097 627 3132 cum
647 3084 674 3132 id
695 3086 749 3132 aliis
771 3084 922 3146 denegasset.
961 3083 1025 3133 Nam
1052 3087 1128 3131 tutam

141 3147 224 3196 urbem
239 3146 272 3194 ad
288 3146 405 3197 delectum
420 3151 525 3198 vocavit.
557 3149 635 3199 Valde
658 3153 719 3200 euim
741 3152 820 3200 timuit
835 3149 985 3200 Antonium.”
1017 3149 1086 3202 Quod
1101 3152 1130 3196 ut

142 3213 258 3261 immerito
282 3217 468 3263 commenticium
490 3215 593 3276 dixeris,
616 3218 653 3264 ita
681 3223 747 3266 certo
772 3219 860 3280 probat
892 3219 970 3280 ipsum
996 3217 1128 3278 Augustum
1214 3269 1216 3276 Ι

138 3280 189 3340 jam
211 3293 273 3327 anuo
296 3280 352 3328 720.
372 3280 474 3329 Horatio
496 3283 594 3332 favisse.
626 3283 703 3336 Paulo
725 3285 796 3332 aliter
816 3283 908 3340 Acron
930 3283 962 3329 ad
978 3284 994 3329 l.
1011 3283 1027 3329 1.
1055 3281 1128 3343 „Ipso

142 3345 309 3408 (Maecenate)
332 3347 395 3394 eninr
416 3351 503 3408 agente
524 3349 583 3396 Hor.
604 3350 635 3396 ab
658 3349 766 3411 Augusto
793 3350 893 3396 militiae
909 3349 1059 3397 vacationem
1075 3361 1128 3394 ure·
1227 3353 1229 3360 ’

142 3415 235 3472 ruerat,
257 3412 321 3475 quod
342 3413 495 3474 injucundum
519 3415 565 3462 sibi
588 3415 642 3462 siue
668 3415 721 3476 ipso
744 3414 890 3462 confirmat.”
927 3413 994 3462 Idem
1015 3427 1073 3462 vero
1096 3411 1128 3460 ad

142 3477 196 3592 ἓαὲ
211 3478 281 3595 ἐί70.
298 3480 322 3528 2.
356 3479 487 3539 „Horatius
498 3480 585 3530 missus
596 3481 642 3528 init
653 3495 706 3530 eum
716 3480 846 3530 Heliodoro
857 3482 964 3544 aparte
980 3478 1128 3530 usuaria?

206 3627 236 3688 0)
250 3625 317 3676 Idem
332 3631 470 3678 statuerunt
485 3633 540 3693 post
550 3628 682 3696 bentlejum
699 3629 847 3678 recentiores
862 3631 1016 3688 forconinos,
1030 3628 1126 3686 Heind,

142 3691 239 3753 Spain,
255 3692 338 3754 Jahn,
355 3693 446 3743 werel.
461 3710 486 3757 p.
502 3710 523 3744 r.
538 3711 593 3758 pag.
610 3696 668 3746 277.
685 3695 725 3744 78.
742 3695 767 3758 §.
784 3698 808 3746 0.
825 3711 880 3761 pag.
898 3697 954 3746 208.
971 3700 1024 3744 not.
1038 3697 1078 3744 22.
1095 3695 1132 3745 de.

142 3756 200 3805 Var.
221 3761 247 3806 et
268 3759 336 3808 Cass.
357 3775 382 3822 p.
404 3762 446 3811 10.
469 3764 494 3810 et
510 3763 575 3822 288,
591 3763 692 3813 Passov.
708 3766 760 3812 not.
776 3761 835 3814 166.
851 3779 875 3828 p.
890 3762 977 3825 Lxu„
993 3763 1083 3812 Obbar.
1098 3761 1125 3810 iu

141 3823 209 3872 Jahn.
226 3825 393 3878 annal-1886.
410 3826 452 3879 16.
469 3829 516 3878 rol.
532 3828 557 3878 1.
574 3828 633 3878 iasa
650 3845 673 3894 p.
689 3827 730 3882 16.
