2782 4558
553 299 763 374 -181-

165 467 222 530 Sed
245 469 352 541 logio
375 466 522 542 Niphates
545 469 662 526 nomine
681 494 719 516 ω
744 469 806 526 sive
830 469 951 528 fluuium
976 471 1066 543 poeta
1092 469 1154 527 sive
1219 489 1222 494 ·

164 563 292 642 montem
315 559 467 618 intellexit
483 587 522 604 ·-·
545 559 714 620 Armeniam
742 558 930 631 significatam
958 577 1032 619 esse.
1082 560 1155 618 Cum
1196 578 1199 588 ’

62 635 66 651 ’
164 653 340 713 Mantuanus
350 654 447 724 'poeta
460 649 523 721 jam
532 665 567 708 'a
581 652 645 708 724.
666 651 811 710 consuetis
825 651 1067 726 superlationibus
1083 666 1154 708 usus

164 743 201 800 dc
219 742 366 800 Armeniis
389 742 561 816 Parthisque
586 743 721 803 woerda
746 742 934 818 locutus-sit,
955 741 1043 800 otiam
1055 743 1157 818 Hora«

163 835 238 891 tium
261 834 338 892 illius
363 833 495 904 vestigiis
518 833 703 892 insistentem
727 829 912 890 manifestum
931 835 976 890 est
993 849 1041 889 res
1060 833 1154 890 a‘Ro·

163 925 257 982 manis
276 924 416 981 adversus
435 927 536 996 gentes
555 925 627 982 istas
647 927 761 1001 gestas,
788 925 902 992 etiamsi
926 940 963 982 ue
982 939 1153 982 commemo·
1202 947 1208 970 t

161 1016 275 1074 ratione
305 1015 423 1089 quidem
447 1015 552 1085 dignae
577 1019 690 1093 essent,
716 1016 835 1074 mirifice
860 1031 967 1088 augere
993 1019 1023 1072 et
1052 1015 1154 1088 ampli·
1210 1009 1212 1016 ’

162 1109 249 1166 ficare
273 1107 601 1186 potuissepropterea,
626 1110 660 1164 ut
683 1107 808 1179 Augusti
826 1107 930 1164 honori
953 1105 1153 1164 velificaretnr.

161 1200 212 1257 Ac·
231 1197 383 1273 quaerenti
407 1197 495 1272 mihi,
520 1197 637 1270 quando
663 1199 700 1256 ab
725 1215 761 1263 eo
779 1197 850 1254 talia
869 1197 978 1271 scripta
995 1213 1061 1254 esse
1078 1197 1154 1254 veri·

162 1290 256 1348 simile
276 1289 330 1365 sit,
359 1288 470 1346 nullum
488 1291 603 1362 tempus
617 1290 719 1363 ,aptius
737 1289 862 1360 videtur·
879 1305 960 1365 essa,
986 1303 1073 1362 quam
1097 1303 1154 1361 quo

161 1382 226 1455 ipse
243 1381 390 1455 Parthos,
411 1381 505 1459 Sans
523 1383 554 1437 et
571 1383 667 1440 Indos
680 1381 761 1452 justo
780 1380 904 1438 domitos
923 1379 1070 1454 triumpho
1090 1374 1153 1460 (od.

162 1472 195 1548 1,
216 1469 278 1552 12.)
298 1475 328 1527 et
346 1473 449 1529 Dacos
465 1473 651 1548 Scythasque
669 1473 803 1530 subactos
823 1465 886 1554 (od.
907 1473 941 1548 3,
960 1464 1005 1551 8.)
1030 1469 1105 1528 dixit
1123 1469 1173 1550 ln„
1222 1485 1228 1492 ·

160 1579 187 1620 e.
207 1579 261 1636 per
279 1577 305 1618 a.
322 1561 386 1617 729.
399 1563 429 1616 et
447 1561 512 1618 730.
551 1563 627 1618 Sane
646 1579 681 1619 eo
699 1564 840 1637 tempore,
860 1578 918 1634 quo
936 1563 1150 1620 Janusseeu'n-

161 1654 231 1710 dum
249 1650 436 1710 claudebatur
461 1654 492 1706 et
509 1651 659 1722 Augustus
678 1652 880 1713 Parthicarum·
894 1652 990 1716 litium
1009 1651 1153 1724 discepta-

159 1749 207 1802 tor
225 1746 317 1808 tactus
328 1745 415 1818 erat,
441 1757 501 1799 non
519 1743 613 1800 solum
630 1745 756 1802 Medum
769 1743 890 1815 flumen
915 1742 968 1800 sed
985 1741 1081 1800 ettam'
1092 1743 1153 1799 Ns·-

157 1837 266 1909 ptotes
283 1867 322 1888 η-
340 1833 425 1907 quasi
449 1836 511 1891 toto
540 1835 660 1892 Oriente
689 1834 809 1892 subacto
826 1867 866 1878 -
883 1835 1009 1892 minores
1036 1830 1153 1911 volvere
1271 1833 1274 1844 ¹

53 2007 55 2012 .
160 1925 285 1983 vortices
314 1925 373 1982 dici
387 1925 494 2002 potuit
518 1920 678 1999 aptissime.
722 1927 769 1988 De
794 1925 913 1998 Gelonis
937 1926 972 1982 ci.
999 1940 1073 1998 qnae
1092 1921 1154 1980 dixi
1238 1953 1242 1960 ·

115 2037 126 2046 .
159 2016 197 2074 ad
216 2016 263 2073 od.
285 2016 318 2092 1,
339 2015 383 2072 19.
403 2017 485 2091 et3,
506 2015 551 2073 18.
589 2019 678 2078 Nova
697 2019 795 2074 autem
812 2017 863 2074 illa
879 2024 1008 2090 tropaea
1024 2015 1155 2090 Awana

158 2123 219 2166 non
247 2108 349 2164 dubito
374 2105 445 2180 quin
469 2106 623 2164 referenda
636 2105 707 2165 sirit
730 2108 769 2165 ad
792 2105 965 2181 prosperam
989 2116 1154 2165 successum
1195 2145 1197 2151 -

76 2200 81 2216 ‘
159 2199 349 2258 cantabricae
369 2198 565 2273 expeditionis
584 2201 653 2258 tunc
671 2200 768 2275 ipsum
786 2198 825 2258 ad
844 2201 930 2260 tinem
948 2199 1115 2274 perductae.

237 2347 419 2406 cmm
436 2351 483 2407 X·
502 2353 507 2361 “
529 2353 676 2428 „Rectius
699 2349 807 2411 oluff
829 2353 921 2410 multo
946 2353 1014 2408 ante
1040 2365 1066 2406 a.
1087 2347 1152 2407 732.

159 2438 299 2512 scriptum
324 2456 389 2494 esse
415 2440 518 2516 debet,
545 2458 603 2514 quo
627 2443 789 2512 conjuratio
807 2441 913 2500 Licinii
931 2440 1068 2499 Varronis
1086 2438 1152 2495 Mu·

159 2547 283 2605 caenae,
299 2519 351 2585 “ad
375 2545 462 2603 quem
487 2531 543 2588 oda
568 2530 636 2588 data
660 2531 792 2608 videtur,
822 2535 852 2588 et
870 2531 975 2590 Fannii
998 2528 1152 2602 Caepionis

159 2620 198 2676 ad
214 2621 378 2690 Augustum
398 2620 621 2693 opprimendum
639 2623 716 2678 facta
735 2621 851 2680 detecta
873 2625 919 2681 est
937 2615 989 2702 (el.
1008 2636 1037 2693 p.
1058 2619 1102 2677 62.
1122 2621 1153 2675 et

161 2707 252 2790 174).
291 2710 354 2767 Nec
372 2711 470 2766 tamen
489 2727 596 2768 annum
615 2712 677 2782 ejus
696 2714 823 2770 natalem
840 2713 925 2771 facile
943 2711 1101 2786 inveneris,
1119 2711 1152 2765 ut
1203 2763 1208 2770 ,

158 2801 277 2877 quidam
295 2800 359 2857 ausi
378 2800 461 2858 sunt.
498 2802 654 2860 Passovius
680 2805 757 2860 enim
783 2799 859 2884 (not.
880 2801 961 2882 101.)
980 2802 1012 2859 id
1029 2818 1055 2858 a.
1076 2799 1151 2876 724,
1245 2857 1246 2864 ,

155 2883 277 2952 ‘Knchn
298 2891 358 2951 tab.
378 2891 438 2949 chr.
458 2909 484 2950 a.
504 2893 586 2971 728.,
614 2895 723 2951 Grates.
743 2911 773 2968 p.
793 2891 857 2952 471.
877 2893 905 2952 b.
926 2909 1002 2952 anno
1020 2891 1085 2950 731.
1105 2909 1151 2950 as·
1212 2917 1218 2938 t

156 2984 294 3070 signavit.
332 3049 334 3056 Ι
586 3041 588 3046 ,
856 3031 858 3034 -

14 3173 15 3182 ,
115 3155 116 3158 ,
144 3115 146 3120 ·
233 3107 415 3165 omum
431 3109 495 3168 xl.
512 3111 550 3170 ob
569 3111 666 3186 ipsum
684 3109 873 3169 exordiuma

196 3265 198 3278 Ι
301 3199 410 3277 „de
428 3202 586 3260 bellicosus
607 3203 760 3262 domator
785 3211 815 3262 et
830 3203 968 3284 Scythas,

307 3290 437 3363 Hirpine
454 3291 587 3366 Qotncta',
607 3296 727 3368 sopitat,
745 3295 867 3353 nacae

357 3383 485 3448 Dtotcas
503 3381 631 3458 otJ‘ccto,
649 3387 786 3444 remittas

320 3457 324 3473 ’
395 3473 577 3542 Quamne„
728 3458 730 3468 ’

161 3564 311 3638 probabile
330 3567 376 3621 est
395 3564 586 3638 compositum
605 3581 670 3623 esre
689 3567 743 3628 sub
762 3565 850 3623 finem
868 3579 894 3622 a.
914 3563 978 3622 728.
999 3565 1050 3622 aut
1067 3561 1151 3639 initio

116 3659 120 3666 “
159 3670 189 3711 a.
213 3653 294 3730 729„
322 3671 388 3713 cum
412 3641 550 3714 Cantabri
579 3656 754 3716 rebellarent
782 3661 813 3714 et
840 3656 963 3728 Scythae
993 3653 1151 3725 instigante
1274 3657 1275 3660 ’

160 3745 284 3802 Phraate
309 3749 409 3804 contra
432 3747 600 3806 Teridatem
624 3748 840 3821 expeditionem
857 3748 1002 3821 pararent.
1028 3739 1082 3825 (ci.
1101 3741 1149 3799 od.

161 3835 190 3910 3,
203 3833 229 3892 8.
244 3835 314 3912 etl,
329 3831 392 3915 19.)
420 3837 497 3896 cave
510 3836 607 3901 autem
619 3839 655 3899 de
668 3857 694 3900 a.
709 3839 773 3898 725.
787 3839 913 3918 conns,
931 3833 1150 3914 quodantabri,
