2790 4566
576 306 782 375 ...141-

186 473 231 534 5οζ
250 503 289 521 -0
306 475 342 532 ad
363 489 435 532 uuo.
455 475 533 531 732.
559 477 625 548 post
649 451 817 560 Massurium
841 471 908 554 (rit.
934 429 966 548 p,
983 470 1169 554 nes-rtet)

184 569 375 642 interpretum
386 566 578 622 recentiorum
590 565 716 642 plurimi,
736 565 812 641 Jani,
831 562 1001 643 Mitscherl,
1020 567 1169 642 Doering.,

174 658 347 742 ,Venderbq
365 657 443 730 Leps
461 656 480 712 l.
500 657 519 712 l.
539 673 567 730 p.
589 657 633 730 4.,
652 657 769 713 Passov.
788 655 840 711 vita
860 658 919 712 not.
939 657 1003 714 nte.
1023 651 1121 736 (731.)
1140 659 1170 739 ot

185 749 333 806 Kirchner.
360 748 392 805 in
410 750 531 821 quaest.
556 763 587 820 p.
612 746 639 803 8.
671 744 699 824 ξ.
730 747 774 802 18.
798 766 801 774 ·
822 745 972 818 Falluntur
1005 748 1036 804 ιιι
1070 763 1174 806 omnes-
1253 816 1255 818 ,
1330 783 1338 795 ι

186 841 218 896 in
245 857 297 915 eo,
329 837 407 912 quod
437 839 603 912 primariam
627 837 748 894 rationis
774 835 906 894 caussam
924 853 943 894 a
960 840 1079 895 naturae
1103 855 1170 912 pro-

187 929 274 1001 digiis
301 947 375 1005 quae
394 931 653 986 commemorantur
677 927 786 986 ducunt
814 929 904 986 etita
923 929 1046 1006 ducunt,
1075 929 1170 986 utin·

186 1022 301 1079 solitam
319 1021 404 1092 hujus
422 1021 536 1078 ill'rnsve
555 1021 624 1077 anni
643 1023 860 1096 tempestatem,
886 1021 979 1101 qualis
998 1020 1034 1077 ab
1054 1001 1213 1076 histori-

185 1113 228 1169 cis
247 1113 397 1188 pingatur,
422 1112 616 1184 adamussim
641 1111 829 1194 descriptioni
852 1112 1027 1170 Horatiunae
1051 1125 1171 1184 respon·
1252 1137 1260 1150 ·

186 1203 254 1260 dere
274 1203 526 1260 demonstrent-
538 1190 656 1276 ¹'plane
647 1219 845 1280 immemores,
869 1219 925 1260 nec
949 1202 1093 1260 historicis
1119 1201 1172 1258 tali

75 1298 79 1303 '
185 1293 216 1350 in
233 1311 266 1351 rc
285 1294 370 1351 iidem
390 1295 551 1352 habendam
570 1312 635 1352 csse
654 1291 811 1370 haberique
830 1311 931 1371 posse,
955 1311 1010 1352 nec
1028 1293 1172 1368 poeticam

184 1402 280 1442 rerum
300 1385 523 1459 descriptionem
548 1387 585 1444 ad
603 1388 755 1444 veritatem
781 1387 877 1444 datum
902 1403 976 1444 esse.
1013 1385 1058 1443 Eo
1076 1385 1171 1441 minus

185 1479 283 1534 autern
301 1477 434 1550 prodigia
451 1479 509 1535 ista
527 1479 682 1613 quidquam
699 1479 744 1535 'ad
762 1482 893 1554 tempora
918 1463 1080 1534 definienda
1104 1491 1171 1533 oon·

183 1570 260 1623 ‘ferre
280 1567 420 1643 arbitror,
445 1584 502 1640 quo
527 1571 617 1639 magis
641 1570 713 1625 mihi
736 1578 906 1641 persuasum
925 1567 985 1643 es't,
1010 1571 1172 1626 Horatium
1205 1601 1206 1604 =

184 1675 247 1716 ooo
271 1665 474 1732 tempestatem
500 1661 635 1732 utiquam
660 1665 690 1716 et
713 1659 826 1716 itherio
855 1661 1084 1717 inundationem
1115 1661 1172 1716 de·-

185 1753 353 1824 empsisse,
372 1765 453 1824 quae
471 1765 506 1808 eo
525 1757 669 1826 tempore,
687 1752 747 1825 quo
767 1764 891 1808 carmen
908 1749 1066 1822 scriptum,
1087 1749 1172 1805 ucci-

4 1859 5 1934 p
107 1843 111 1852 ’
186 1844 237 1917 dtr,
255 1843 310 1898 red
328 1857 366 1897 eu
383 1844 554 1912 respectare
569 1847 718 1918 portentu,
736 1857 817 1916 quoe
834 1841 912 1898 Jatu'
935 1841 1075 1898 Caesarie
1093 1853 1171 1896 mor·

82 1945 84 1954 ’
185 1939 244 1988 tera
266 1939 372 2004 actutu
396 1938 469 1989 auct
493 1949 576 1990 anuo
596 1927 673 1992 7'10.
712 1933 797 1999 Quod
821 1932 981 1988 rectissime
1006 1947 1052 1986 me
1073 1928 1173 2000 judice

186 2022 361 2079 scholiastae
392 2022 581 2102 observarunt
593 2019 631 2102 ⁸).
678 2025 811 2082 Concedo
842 2027 958 2097 poetam
989 2023 1052 2079 dira
1076 2021 1173 2094 aliqua

177 2115 374 2192 tempestate,
394 2130 467 2187 quae
487 2116 737 2188 praetermodum
756 2133 821 2174 cum
839 2107 1109 2188 magna-hominurn
1126 2129 1173 2170 re·
1242 2184 1245 2188 Ι

178 2193 306 2278 ιιιιιιιιιι
327 2207 422 2277 strage
442 2207 588 2288 saeviiset,
608 2219 644 2265 ιο
663 2209 818 2266 adductum
838 2225 912 2284 esse,
932 2208 964 2263 ut
983 2207 1038 2262 hoc
1057 2201 1173 2268 carmen

186 2298 288 2353 sucin
307 2313 412 2367 genere
431 2313 549 2372 prorsus
570 2300 714 2372 singulare
734 2301 927 2374 componeret.
965 2299 1027 2356 Nec
1046 2299 1088 2354 ita
1106 2314 1172 2370 per·

185 2388 267 2444 tinax
291 2404 354 2443 snm
378 2389 410 2444 in
434 2391 612 2463 explicandis
637 2410 683 2448 vs,
707 2392 819 2448 1-11.
862 2391 903 2446 At
927 2404 1074 2461 nunquam
1099 2387 1173 2462 eripi

185 2478 256 2534 mihi
275 2479 386 2554 patiar,
411 2495 454 2534 vs.
477 2480 511 2535 14
531 2496 574 2552 sq.
601 2481 636 2536 de
661 2481 773 2551 magnis
798 2480 896 2554 aquis,
923 2483 996 2551 quac
1025 2484 1078 2552 pe'r
1105 2494 1172 2534 ann.

186 2568 250 2623 710,
272 2569 315 2625 ll.
335 2571 464 2645 tuerent,
490 2569 693 2640 intelligendos
713 2585 786 2626 esse.
824 2569 951 2624 Primum
975 2567 1053 2624 onim
1079 2567 1105 2624 si
1123 2583 1174 2624 ve·

173 2674 250 2714 -rum
269 2661 314 2714 est
333 2657 411 2732 quod
430 2675 517 2732 snpra
537 2660 609 2737 dixi,-
627 2663 719 2717 totum
738 2675 853 2717 carmen
872 2659 903 2715 in
921 2659 1061 2716 honorem
1079 2659 1173 2718 Octu-

165 2751 286 2825 'utuni,
302 2753 399 2820 parm
417 2751 538 2826 ultores,
559 2751 698 2825 scriptum
717 2768 799 2826 esse,
818 2752 956 2824 pleraque
975 2767 1029 2823 per
1054 2767 1085 2806 se
1104 2766 1172 2806 con·

146 2905 158 2916 ἡ
186 2843 355 2896 sentaneum
375 2841 420 2896 est
438 2841 475 2897 ad
492 2843 519 2898 J.
542 2841 673 2898 Caesaris
693 2841 866 2899 occisionem
885 2843 1022 2914 tanquam
1039 2839 1078 2897 'ad
1097 2856 1173 2898 com·
1206 2835 1218 2892 ἶ

185 2945 302 2986 munem
319 2947 416 2988 rernm
434 2931 580 2992 cardinem
598 2931 690 2991 relata
709 2950 782 2992 esse.
819 2933 895 2991 Tum
913 2932 1065 2989 manifesto
1084 2945 1173 3008 appa·

255 3173 283 3234 3)
299 3173 376 3223 Recte
392 3175 534 3227 Grotcieud.
550 3193 575 3238 p.
592 3175 697 3226 ma:
724 3177 797 3237 „Was
811 3192 868 3226 nun
891 3131 938 3226 die
947 3177 1114 3238 Missdeutung
1130 3177 1174 3224 (ιιι

188 3236 331 3298 Auianges
321 3253 392 3300 Jeuer
409 3241 461 3288 Ode
478 3241 582 3300 tetrius,
599 3256 626 3289 so
643 3243 686 3290 hat
701 3257 756 3292 man
773 3245 839 3292 nicht
854 3245 979 3302 beachtet,
997 3244 1061 3292 durs
1076 3244 1174 3292 lluraz

187 3303 259 3354 nicht
274 3304 418 3368 Prodtptea
436 3307 518 3356 itiner
533 3309 596 3356 Zett
618 3307 683 3356 oder
705 3307 785 3358 Etnes
808 3309 887 3359 ortes
908 3305 1045 3372 cornuto,
1070 3307 1174 3356 scudem

187 3369 227 3420 (ιιι
238 3371 393 3420 lurchtharcn
404 3373 674 3432 Naturerseheinungen
685 3374 870 3421 verschiedener
881 3374 1053 3432 Jahreszeiten,
1065 3374 1174 3424 Schnec-

186 3451 291 3498 ιιιιιιιιιι,
306 3439 495 3500 Hagelschauer,
511 3438 671 3498 Blitzschligo
688 3438 737 3485 und
753 3439 939 3488 wasserfluthen
956 3439 999 3486 der
1015 3453 1108 3501 gaunon
1123 3439 1174 3489 Er-

4 3559 5 3576 ,
97 3542 99 3548 .
186 3474 324 3554 denrnndes
341 3509 414 3555 sowot
436 3507 471 3554 als
488 3506 531 3554 der
547 3503 696 3566 Hauptstadt
718 3519 761 3553 ans
784 3505 827 3554 der
847 3505 1055 3567 Vergengenheit,
1084 3509 1174 3557 welche

188 3570 253 3618 nicht
268 3573 333 3621 blora
350 3573 396 3620 den
413 3572 523 3620 Umstnrn
541 3571 585 3620 (ιιι
600 3573 658 3619 rim.
676 3572 788 3631 Stuutes,
813 3571 915 3620 sondern
941 3572 984 3620 der
1005 3572 1068 3621 Welt
1083 3573 1173 3624 Unter-

189 3647 254 3698 gang
269 3639 318 3686 und
334 3640 392 3687 aller
408 3639 497 3688 thker
513 3637 677 3700 Veruiehtung
693 3639 801 3698 drohten,
818 3637 930 3699 annone,
947 3639 992 3688 che
1009 3640 1122 3690 erdaran
1133 3641 1174 3690 (ιιι

189 3716 273 3762 mosae
289 3703 543 3768 Ueherschwemmung
559 3703 650 3768 kntipft,
668 3706 757 3754 welche
769 3717 795 3756 ιι
806 3706 879 3755 durch
891 3706 934 3754 das
945 3706 1014 3756 Wort
1030 3708 1185 3767 „uidimus”

189 3767 226 3814 ala
242 3768 286 3816 (ιιι
303 3771 397 3832 einzige
418 3772 552 3834 prodigium
568 3773 612 3820 der
629 3771 774 3835 Gegenunrt
795 3773 957 3824 bezeichnetss'
980 3743 1043 3822 caet.
1076 3773 1126 3822 Sed
1142 3773 1173 3824 (ιι

189 3831 286 3883 'liberis
301 3837 461 3886 exundatione
477 3853 547 3888 scona
562 3842 651 3888 ctutum
