2790 4566
557 1211 671 1332 Cap.
703 1213 800 1362 „ffl‘
854 1273 856 1283 ,

516 1409 559 1460 ilc
583 1407 704 1474 epodon
719 1409 847 1478 *aerata

583 1545 783 1558 ——1—-n-—u

187 1669 234 1756 Ῑο
252 1688 422 1750 ordinandis
441 1686 544 1761 epodis
562 1688 715 1746 Horatium
733 1685 884 1762 probabile
902 1687 948 1742 est
958 1685 1116 1744 metrorum
1132 1701 1179 1744 ra·

188 1784 299 1850 tionem
317 1780 463 1842 habuisse.
504 1780 588 1836 Certe
614 1780 689 1840 hana
716 1779 754 1836 ob
783 1793 916 1836 caussam
943 1777 1044 1836 decem
1067 1777 1182 1850 priores

184 1873 272 1944 juxta
290 1890 321 1930 se
340 1871 429 1946 positi
448 1887 513 1928 csse
530 1870 675 1928 videntur.
703 1871 765 1930 Nec
783 1869 815 1928 in
833 1869 879 1926 his
897 1883 992 1942 neque
1010 1869 1042 1928 in
1059 1867 1180 1942 reliquis

139 1983 143 1998 ·
188 1968 240 2024 aut
258 1965 459 2036 argumentum
477 1965 528 2020 aut
546 1964 674 2020 aetatem
691 1961 833 2036 respexit.
852 1963 888 2020 ct
907 1961 1028 2020 Passer.
1039 1963 1100 2020 not
1115 1959 1180 2018 183.

201 2119 432 2212 ''uroous
455 2145 487 2204 r.
517 2147 606 2224 ,noa
629 2146 804 2222 meamea
822 2144 875 2222 „m
897 2159 955 2218 quo
981 2145 1181 2202 merentum

188 2241 372 2314 prosequitur
392 2243 508 2296 euntem
526 2239 566 2298 ad
583 2239 691 2296 bellum
708 2237 811 2296 navale
836 2253 903 2297 cum
920 2238 1053 2318 Augpusto
1078 2236 1181 2294 adver-

9 2352 10 2360 *
91 2337 93 2342 “
189 2347 253 2390 sum
270 2331 431 2390 Antonium
441 2333 470 2388 ct
481 2331 691 2406 Cleopatram,
710 2333 744 2412 ut
763 2331 806 2386 ait
823 2329 922 2386 Acron
939 2329 1017 2388 adv.
1032 2327 1183 2405 l.,medio

183 2425 250 2480 dere
268 2439 296 2481 a.
315 2422 380 2480 723.
400 2422 575 2494 compositus
595 2417 657 2477 es‘t.⁴
687 2422 761 2479 Cum
784 2419 862 2476 enim
888 2421 996 2478 Caesar
1019 2423 1050 2476 et
1073 2421 1183 2478 milites

190 2529 290 2570 omnes
309 2514 428 2570 atvero
447 2513 535 2568 etiam
554 2513 703 2572 senatores
722 2513 753 2566 et
770 2513 916 2584 comma
934 2509 1083 2580 dignitatis
1101 2510 1183 2568 uiros

108 2655 111 2662 ,
190 2603 378 2662 Brundisium
411 2605 577 2678 evocasset,
611 2596 680 2674 poda
703 2598 777 2678 perp
804 2596 885 2670 ὅπως
909 2619 940 2659 νο
963 2597 1182 2676 σομπράξιοσνν

191 2689 290 2769 αὐτῷ,
315 2689 386 2762 τούς
404 2687 448 2762 d’,
474 2689 556 2761 ὅπως
575 2686 666 2766 μηδὲν
683 2691 871 2766 μονωθέντος
894 2693 1104 2768 νεοχμώσωσο.
1130 2690 1182 2762 τό,

82 2854 84 2870 Ι
190 2803 223 2844 τε
240 2786 394 2860 μέγιστον,
420 2779 503 2853 ὅπως
527 2777 689 2858 ἐνδείξηται
712 2783 775 2850 τοῖς
793 2781 983 2860 ἀνθρώποις,
1008 2780 1055 2841 ὅτι
1078 2785 1129 2842 καὶ
1146 2779 1182 2842 τὸ
1222 2788 1234 2832 '·
1303 2795 1305 2808 ·

191 2876 331 2934 πλεῖστον
348 2877 399 2954 aori
410 2871 444 2932 τὸ
458 2873 616 2953 κράτιστον
627 2872 686 2932 τῶν
695 2871 855 2948 Ῥωμαίων
873 2871 1104 2949 ὁμογνωμονοῦν
1120 2873 1185 2952 ἔχον
1216 2911 1218 2922 ·

191 2962 265 3048 (Dio
284 2967 337 3044 50,
357 2961 437 3049 11.)‚
466 2967 554 3024 etiam
580 2967 735 3024 Maecenas
764 2981 800 3022 eo
825 2981 857 3024 se
883 2967 1039 3024 contulisse
1058 2967 1180 3026 videtur.

190 3059 267 3118 Nam
285 3059 363 3132 quod
382 3077 400 3116 a
418 3058 586 3116 Scholiastis
605 3057 886 3116 nancturLibmnis
897 3058 1080 3135 praepositus
1092 3059 1182 3116 inisse
1248 3079 1249 3086 ¹

191 3145 325 3230 (Acrone
353 3149 391 3205 ad
417 3149 558 3206 actiacum
581 3149 688 3208 bellum
710 3151 805 3207 iturus
832 3150 939 3207 Caesar
960 3149 1109 3220 Augustus
1133 3150 1184 3206 Li·

93 3300 97 3316 ,
191 3241 292 3300 burnis
311 3240 481 3313 praeposuit
498 3240 706 3298 Maecenatem.
738 3242 827 3316 tiara
846 3239 885 3298 ad
901 3257 931 3298 v.
951 3239 994 3297 1.=
1012 3240 1052 3297 ad
1068 3240 1184 3298 Maece·

191 3335 305 3408 natam,
331 3331 382 3405 qui
405 3346 521 3390 omnem
543 3331 677 3388 militiam
701 3332 833 3389 Caesaris
857 3329 1029 3388 naumachia
1046 3330 1067 3387 i.
1086 3347 1112 3388 e.
1131 3347 1184 3390 na-

191 3425 251 3482 uali
269 3423 380 3499 proelio
398 3422 582 3480 ordinaturus
592 3422 826 3499 proficiscebatur
837 3423 876 3485 ad
887 3423 995 3488 bellum
1004 3420 1184 3505 actiacum),

193 3515 225 3571 id
241 3515 429 3574 vehementer
446 3531 549 3572 vereor
566 3529 604 3570 ne
623 3514 777 3571 commenti
796 3515 855 3572 sint
873 3515 911 3572 ob
929 3531 957 3570 u.
978 3513 1006 3572 1.
1035 3513 1086 3574 Nil
1103 3518 1186 3572 certe

162 3605 167 3620 '
194 3605 249 3662 hcc
268 3607 303 3662 de
321 3623 354 3664 rs
373 3605 514 3667 historici.
540 3606 598 3664 Sed
615 3609 680 3664 utut
699 3607 753 3664 hoc
772 3609 827 3684 ast,
848 3605 974 3664 dubitari
992 3605 1095 3680 nequit
1112 3607 1184 3680 quin

195 3697 350 3774 Macram
367 3698 478 3772 ceperit
496 3700 613 3772 quidem
632 3699 783 3757 consilium
806 3699 838 3756 in
855 3699 963 3756 bellum
980 3700 1115 3772 paratum
1132 3697 1183 3756 ab·
1219 3773 1222 3780 Ι

196 3787 295 3863 eundi,
313 3804 368 3850 uec
385 3792 483 3850 tamen
499 3791 655 3865 peregerit
693 3792 769 3852 Nam
787 3807 823 3850 eo
839 3790 906 3866 ipso
923 3793 1054 3866 tempore
1073 3789 1182 3850 Romae
