2758 4544
184 211 206 274 ,
322 203 324 209 a

542 259 768 368 ¹meum,

155 441 303 514 horinum
315 441 499 502 stodlanmc
511 444 610 504 mitius
628 461 705 504 nunc
723 445 1020 528 acerbiusnoteirtur,
1039 411 1150 526 probat
1223 475 1236 502 ·

154 533 333 610 Maecenati,
360 551 425 592 esse
447 550 519 592 sane
545 533 622 608 quod
647 536 712 610 quis
737 553 773 594 ea
795 539 914 617 rideat,
929 542 1072 618 siquidem
1096 545 1143 605 his

155 641 224 682 vera
242 625 461 710 vitae=lelicitas
480 625 688 699 prohibeatur
715 628 806 686 Simul
829 632 956 689 ostendit
986 651 1051 692 eam
1066 634 1142 706 ²sub·

153 715 220 773 latis
244 719 357 774 tantum
381 715 485 790 quibus
511 721 644 775 arceatur
661 720 771 777 caussis
790 723 821 778 et
838 724 980 780 communi
998 725 1142 800 perversi·
1257 772 1261 778 .

153 807 222 864 tatis
253 809 332 864 lonte
363 807 453 864 veluti
484 807 631 869 obstructo
661 811 793 868 revocari
824 813 854 868 et
881 811 1018 885 adaugeri
1044 833 1139 891 posse.

152 897 259 974 Atqui,
279 899 306 955 si
323 913 382 972 qua
400 898 472 974 alie,
492 898 609 958 satirica
631 899 663 957 id
687 901 771 974 poesi
792 901 922 962 efficitur.
959 905 1021 962 Nec
1040 906 1141 964 dubito

151 988 222 1060 quin
241 989 377 1066 Flaccus,
396 991 602 1065 praeterquam
614 991 692 1064 quod
704 991 892 1070 educatione,
912 990 1017 1052 studiis
1036 999 1066 1052 et
1083 998 1140 1054 lor·
1200 1063 1203 1068 ,

143 1080 222 1136 ,tuna
247 1079 284 1136 ad
309 1080 493 1151 castigandos
524 1081 674 1140 hominum
697 1099 793 1141 mores
812 1085 949 1142 incitatus
968 1090 1027 1164 esi,
1054 1086 1141 1146 etium

149 1169 288 1242 prodesse
306 1171 446 1248 voluerit,
467 1172 545 1248 sive,
564 1175 597 1230 ut
614 1174 707 1248 ipsius
726 1177 792 1232 utar
809 1175 922 1253 verbis,

231 1285 243 1322 r
296 1262 395 1320 »Simul
411 1270 440 1322 et
451 1262 596 1335 jucunda
615 1269 772 1344 etidcirco
790 1269 889 1324 dicere
907 1271 995 1327 oilae.

148 1349 225 1422 Ergo
237 1353 268 1408 et
280 1369 382 1411 caussa
394 1357 425 1411 et
442 1354 553 1412 utilitas
566 1356 699 1414 satiricae
712 1357 809 1431 poesis
829 1358 860 1414 in
871 1361 1040 1436 argumento
1058 1358 1137 1417 latet.

150 1441 326 1516 Compositio
345 1447 443 1501 autem
463 1448 492 1502 et
510 1449 615 1504 natura
632 1447 719 1519 hujus
733 1448 870 1506 satiraea
889 1454 1069 1509 caeterarum
1086 1449 1138 1516 ali·

148 1535 289 1606 quatenus
309 1535 406 1592 distat
444 1537 541 1594 Habet
556 1539 786 1612 enimepistolae
799 1542 928 1598 lormana'
958 1542 1033 1599 Tum
1050 1544 1145 1614 poeta

146 1637 206 1679 non
229 1628 263 1680 ut
286 1625 318 1682 in
341 1626 463 1684 caeteris
488 1630 582 1684 certos
607 1629 739 1686 homines
764 1629 801 1686 de
831 1629 975 1688 industria
1001 1632 1138 1705 periricat

146 1714 206 1770 sale
228 1729 393 1788 'eorumque
422 1717 495 1773 vitia
523 1719 616 1790 carpit
643 1750 682 1764 -
709 1720 805 1779 obiter
832 1721 910 1777 enim
938 1724 968 1778 et
992 1721 1082 1778 veluti
1106 1723 1138 1780 in

145 1807 313 1862 transcursu
333 1807 450 1877 sugillat
468 1807 590 1865 Fabium
609 1827 637 1866 v.
658 1810 720 1886 lt,
739 1809 916 1867 Ummidium
934 1829 961 1867 v.
980 1812 1038 1887 95,
1057 1812 1137 1868 Mae·

143 1895 243 1971 nium,
274 1898 487 1956 Nomentanum
510 1915 538 1957 v.
569 1900 649 1977 llll,
680 1901 793 1958 Tanain
821 1916 1008 1976 socerumque
1034 1901 1138 1960 'viselli
1175 1939 1178 1942 -

143 2003 171 2044 v.
193 1987 273 2064 lou,
294 1992 324 2046 et
345 1989 511 2062 Crispinum
528 2008 556 2046 v.
578 1990 640 2068 120.
660 2023 699 2036 --
718 1992 770 2049 sed
789 2022 829 2037 -
848 2000 947 2052 amoto
965 1996 1038 2074 ludo
1055 1997 1138 2056 scria

143 2094 294 2152 qumans
313 2073 362 2161 (v.
382 2077 452 2162 27.)
471 2113 510 2126 -
528 2085 666 2156 tanquam
689 2082 880 2158 philosophus
902 2085 1066 2156 generalem
1084 2083 1136 2142 ali·

144 2183 230 2242 quam
248 2171 447 2244 quaestionem
467 2172 523 2231 sibi
543 2175 722 2232 tractandam
741 2175 829 2232 sumit
848 2175 937 2252 hanc,
964 2179 996 2233 ut
1015 2175 1135 2234 felicita·
1245 2180 1247 2185 '
1311 2231 1312 2244 ,

42 2315 47 2332 ,
123 2260 180 2318 ‘tis
200 2262 342 2322 humanae
368 2263 511 2322 delectum
537 2266 731 2338 explicaturus
750 2267 781 2324 in
802 2283 982 2342 communem
999 2266 1135 2324 vitiorum
1162 2296 1165 2306 =

142 2368 273 2410 caussam
292 2356 322 2410 et
339 2356 449 2412 fontem
467 2356 603 2430 inquirat.
642 2358 715 2425 Quis
735 2360 780 2413 est
798 2345 902 2433 igitur,
928 2357 977 2432 qui
1002 2347 1070 2415 huic
1089 2373 1134 2414 sa·

142 2442 215 2500 lirae
241 2445 364 2518 primam
389 2444 489 2502 sedem
512 2448 631 2504 fortuito
656 2464 675 2504 a
698 2450 786 2520 poeta
811 2449 988 2518 assignatam
1006 2463 1071 2504 esse
1091 2448 1134 2504 di·

142 2529 209 2589 cati
245 2536 353 2592 Mirum
371 2538 516 2612 prolecto,
536 2537 562 2592 si
582 2537 610 2594 ei
623 2541 731 2594 sortem
757 2539 844 2612 „Non
862 2538 937 2592 ratio
950 2536 1063 2593 dederit
1081 2537 1134 2594 sed
1149 2551 1152 2565 ·

141 2625 200 2678 iors
220 2623 359 2694 obJeccrit
377 2625 486 2682 illam.“
524 2627 632 2684 Mirum
651 2629 796 2703 prolecto,
817 2627 842 2684 si
861 2625 998 2684 Horatius
1017 2640 1077 2682 non
1096 2625 1132 2682 dc
1213 2687 1218 2698 ,

140 2712 304 2790 industria,
324 2713 377 2770 sed
389 2715 497 2772 inscius
510 2718 598 2774 talem
609 2719 683 2776 libro
696 2717 814 2781 exeunti
825 2717 991 2791 praefixerit
1004 2716 1131 2793 satiram,

140 2820 215 2878 quae
240 2808 270 2862 et
295 2792 386 2862 forma
411 2807 441 2860 et
466 2810 634 2878 argumento
658 2809 810 2881 prologum
835 2808 919 2880 sapit.
964 2806 1086 2882 Mirum,
1106 2806 1132 2864 si

139 2896 266 2954 noluerit
283 2896 401 2954 omnino
420 2899 600 2970 prooemium
619 2897 742 2975 addere,
765 2896 843 2972 quod
861 2901 959 2954 tamen
976 2895 1131 2954 usitatissi-

139 2997 217 3046 mum
235 2991 266 3070 et
284 2991 344 3046 lero
364 2989 501 3046 sellenme
520 2990 583 3047 suit.
658 3027 659 3034 κ
980 3057 982 3066 ¹
1082 3037 1085 3050 ,

77 3089 78 3094 ’
179 3115 181 3120 -
212 3081 366 3154 Praeterea
384 3081 416 3137 in
434 3082 568 3139 omnibus
577 3081 694 3160 Horatii
713 3082 867 3158 poematis,
888 3097 962 3155 quae
981 3081 1129 3154 prooemia

139 3170 306 3230 haberivel
324 3173 446 3244 possunt
464 3173 512 3229 vel
531 3173 653 3248 debent,
671 3173 829 3246 permirum
848 3189 917 3230 sane
937 3175 967 3228 et
986 3171 1129 3316 singrgare

138 3260 195 3334 hoc
218 3264 278 3337 est,
304 3263 382 3335 quod
406 3277 465 3319 una
489 3263 671 3336 potissimum
696 3245 854 3336 eademque
879 3262 945 3320 idea
964 3278 981 3320 a
1002 3261 1055 3317 div
1073 3261 1128 3317 rsis
1245 3274 1250 3289 t

138 3351 286 3409 hominum
311 3353 414 3410 studiis
439 3353 566 3428 repetita
590 3369 681 3426 usque
706 3353 837 3427 recurrit.
882 3351 967 3418 Quod
992 3349 1128 3424 quemad·

138 3443 255 3500 modum
278 3442 346 3500 inde
371 3443 511 3500 accidisse
537 3446 761 3500 consentaneum
786 3446 847 3518 est,
878 3441 955 3515 quod
980 3440 1127 3498 consimile

138 3532 170 3590 in
187 3535 306 3606 singulis
324 3536 372 3592 vel
389 3534 487 3608 potius
506 3534 584 3592 idem
595 3537 699 3609 poetae
712 3533 863 3592 consilium
880 3536 912 3590 et
929 3535 1128 3605 argumentum

137 3627 214 3680 erata
239 3627 281 3681 ita
306 3642 341 3682 ea
366 3626 555 3699 poematum
579 3625 684 3699 quibus
708 3626 766 3682 ista
791 3624 935 3682 sententia
961 3615 1127 3682 emicat-
1214 3617 1218 3624 ’

136 3714 223 3772 modo
242 3714 311 3772 sede
331 3732 383 3772 sua
401 3716 549 3790 prooemia
568 3704 668 3774 haberi
687 3718 795 3790 queant
811 3718 939 3773 -recte
954 3714 1125 3787 judicabun-
1145 3747 1148 3752 ·

132 3805 185 3862 tur
208 3822 227 3863 a
251 3809 338 3880 poeta
363 3807 394 3864 in
419 3824 485 3865 cum
510 3808 594 3866 finem
623 3807 781 3883 composita
810 3825 890 3883 esso,
922 3808 955 3863 ut
978 3803 1125 3882 prooemia
