2758 4544
693 269 700 289 Ι

590 315 795 386 ...η-

194 487 295 567 lrostis
311 483 463 574 transiret,
488 483 561 541 vel
552 499 646 558 upsam
664 481 776 542 ltaliam
794 483 984 556 occupaturus
998 475 1063 562 ¹⁸).·
1090 481 1194 539 Antea·

202 582 299 636 minan
323 578 386 635 et
376 576 435 652 rpsi
453 575 662 633 circumeuntes
681 576 713 632 et
730 573 911 649 perlegales
929 571 1077 631 emissos
1068 588 1100 629 ιιι
1118 589 1187 630 suas
1251 569 1256 594 ¹

201 673 315 728 manere
333 671 442 744 partes,
460 671 512 740 qui
529 665 656 723 nondum
674 681 692 722 a
711 681 743 722 se
762 667 879 723 starent
911 664 1035 722 cassius
1053 663 1187 721 Rhodum
1322 653 1324 663 '

202 761 294 838 cepit,
323 761 428 832 Lycios
453 757 560 815 devicit
577 757 682 814 Brutus
697 754 753 838 ⁸¹).
798 758 873 816 Tum
890 755 1029 815 omnibus
1046 755 1137 831 copiis
1155 749 1187 810 iri
1221 818 1224 820 ,

201 852 347 926 Europam
365 849 493 921 baiocis
511 851 540 906 et
558 847 674 922 quidem

201 963 203 981 ·
244 953 245 959 ’
310 971 350 987 -
366 973 405 986 -
422 955 479 1015 par.
491 941 566 998 irata
583 939 693 997 vicinas
711 939 788 996 inter
806 939 1055 1000 cruentaturas
1069 936 1117 1018 ⁸²)

201 1033 325 1092 'lbracis
341 1035 493 1108 peragrata
504 1027 551 1114 Ι1)
569 1031 607 1089 ad
624 1031 772 1106 Philippos
789 1031 821 1089 in
833 1030 1004 1089 Macedonia
1024 1027 1118 1089 castra
1134 1047 1187 1105 po·

202 1127 328 1182 suerunt.
356 1125 400 1182 Eo
412 1124 500 1196 igitur
517 1127 647 1198 tempore
659 1123 796 1181 Horatius
813 1138 927 1197 quoquc
943 1122 1043 1180 Asiam
1060 1122 1188 1199 reliquit,

159 1263 160 1274 r
200 1215 251 1284 ubi
269 1214 307 1272 ab
324 1215 408 1274 meo
427 1215 496 1272 anm
514 1214 542 1273 u.
562 1198 586 1272 ‘c
606 1215 670 1273 ιιι.
690 1229 783 1290 usque
800 1214 839 1272 aa
857 1216 997 1272 aemam
1021 1213 1090 1272 anns
1113 1229 1142 1270 ι.
1161 1230 1186 1270 c.

200 1307 263 1364 112.
275 1329 278 1336 ’
291 1306 508 1382 expeditionum
526 1322 600 1387 quas
616 1307 722 1364 Brutus
742 1306 868 1382 suscepit
882 1301 928 1388 η)
954 1305 1099 1380 particeps
1122 1320 1188 1361 ver·

201 1401 370 1478 satuscrat.
408 1395 479 1456 Mox
503 1397 659 1456 adventare
679 1399 787 1457 Caesar
809 1401 840 1456 ct
863 1389 1014 1456 Antonius.
1058 1397 1097 1454 Et
1122 1411 1194 1453 cunr

133 1535 137 1552 .
195 1487 257 1558 jam
270 1491 356 1546 antea
373 1489 424 1563 qui
442 1489 479 1548 ab
498 1489 544 1546 his
562 1491 714 1564 praemissi
732 1491 815 1548 erant
834 1490 865 1548 G.
879 1489 1032 1548 Norbanus
1050 1505 1085 1544 ac
1101 1486 1189 1545 Daci·

201 1580 266 1636 dius
276 1581 354 1637 'Saxa
370 1581 436 1638 loca
453 1585 643 1655 occupassent
662 1585 692 1640 et
704 1585 798 1640 casua
812 1581 914 1638 metati
928 1581 1036 1656 essent,
1054 1577 1133 1636 haud
1145 1577 1188 1634 ita

199 1660 637 1746 ιιιιι11ιιιιιι11εἰςιιαιιοιι11ιι1.Ι
671 1672 717 1729 lta
735 1673 866 1730 acerrimi
889 1671 1044 1730 libertatis
1057 1669 1188 1728 undicss
1306 1747 1308 1752 Ι

200 1763 265 1819 cu'm
287 1763 445 1820 triummis
469 1751 619 1834 congressi
641 1762 894 1838 duobus'proeliis
913 1762 1072 1820 commissis
1097 1763 1128 1817 et
1144 1759 1189 1815 vi-

201 1855 303 1910 cerunt
321 1855 351 1908 et
369 1849 439 1910 victi
457 1855 540 1930 suut,
560 1867 660 1910 eorum
677 1857 711 1910 ut
728 1857 858 1932 senuna,
877 1871 950 1930 quae
969 1869 1062 1930 prona
1078 1854 1187 1920 unum·

201 1959 258 2018 que
277 1943 412 2002 comitata
430 1947 508 2022 erat,
534 1945 618 2018 quasi
636 1945 755 2018 fatigata
771 1946 912 2021 paulatim
942 1944 1057 2004 demum
1074 1942 1188 2001 labasse

197 2034 292 2093 videri
309 2039 417 2110 posset.
460 2037 592 2110 Atque
582 2052 614 2093 ιιι
638 2037 733 2126 priore
752 2038 870 2113 quidem
893 2053 990 2113 pugna
1009 2036 1125 2096 Cassius
1151 2031 1189 2089 ab

96 2126 105 2138 “
199 2127 326 2184 Antonio
344 2129 459 2199 fugatus
478 2131 509 2185 et
527 2129 628 2186 castris
647 2133 751 2187 exutus
770 2147 835 2187 cum
854 2131 975 2188 Brutum
993 2145 1117 2205 quoque,
1137 2125 1188 2201 qui

193 2217 308 2275 uicerat
327 2219 526 2296 octavianum,
553 2223 718 2293 superatum
737 2221 878 2298 crederet,
898 2225 929 2278 et
946 2221 994 2278 vel
1011 2225 1121 2278 terrore
1140 2235 1188 2275 oc·

200 2313 348 2387 caecatus,
372 2310 421 2367 vel
439 2309 492 2368 cix
510 2308 640 2390 ἀκριβῶς
657 2305 718 2388 (τὰ
735 2309 919 2390 γιγνόμενα)Ι
933 2306 1034 2370 διὰ
1002 2332 1054 2370 τον
1071 2327 1188 2388 rurrep-

198 2394 251 2457 τὸν
268 2397 356 2480 ὁρῶν,
373 2403 408 2456 ut
426 2402 467 2458 ait
478 2401 603 2476 Appian.
622 2401 651 2458 b.
671 2401 726 2458 civ.
747 2401 775 2478 4,
795 2403 870 2479 113„
890 2403 1086 2462 centurionem
1098 2415 1188 2474 quen-

198 2490 266 2548 dam
284 2491 508 2569 erasmianam,
527 2491 663 2568 quiquid
679 2493 789 2564 collega
805 2497 904 2564 ageret
917 2495 1090 2568 exploraret,
1109 2493 1188 2548 lento

91 2641 93 2659 Ι
123 2591 134 2612 ·
199 2595 300 2650 mersu
317 2599 376 2640 una
394 2583 560 2654 eumerus
578 2581 723 2657 equitibus
741 2581 916 2641 redeuntem¹
932 2583 1063 2658 vidisset,
1089 2581 1189 2638 hostes

201 2671 361 2728 accelerare
385 2673 521 2746 opinatus
538 2671 663 2748 Pindaro
687 2672 792 2730 liberto
818 2673 960 2744 cervicem
986 2671 1118 2748 porrexit
1130 2666 1188 2752 9⁰).
1228 2727 1231 2734 .

200 2759 308 2818 Brutus
326 2760 388 2832 eJus
408 2762 489 2818 clude
508 2762 623 2832 cognita
641 2763 715 2819 olam
733 2765 859 2836 collegae
878 2765 1002 2822 cadaver
1018 2765 1050 2822 in
1061 2763 1189 2822 Thasum

200 2851 347 2926 deportari
364 2851 456 2923 jussit
480 2851 658 2928 etpecunia
676 2852 829 2942 distributa
852 2855 1006 2932 verbisque
1026 2855 1188 2930 consolatus
1291 2849 1293 2855 ’

222 3028 433 3092 ’,31)31011,
453 3031 495 3081 33.
556 3082 558 3089 ,
632 2978 635 2984 1

264 3127 428 3192 36)1)1011,
445 3129 486 3180 31.
503 3126 543 3180 31.
575 3129 661 3195 Vciiej.
677 3132 707 3192 3,
724 3131 763 3184 13.

198 3308 223 3357 p
239 3203 738 3357 Γ311)81ὲιέ111.18ὀ3.11111.8111ιί1.
771 3231 874 3300 Appiau.
891 3235 916 3284 b.
940 3236 1003 3298 ei,
1019 3235 1061 3286 83.
1094 3231 1184 3284 Weiclr.

129 3455 132 3470 ,
198 3398 365 3532 ³¹²³stlpossn
380 3397 506 3449 Horetum
522 3385 687 3466 uictuma!
718 3400 798 3466 aput
817 3401 845 3462 1,
874 3403 898 3452 a
918 3401 943 3452 a
970 3399 1003 3462 1
1019 3399 1061 3451 16.
1077 3399 1118 3451 13
1146 3397 1185 3448 „a

264 3568 309 3631 39)
325 3565 385 3617 lude
400 3570 486 3634 pprtaa
501 3567 578 3617 veteri
595 3581 638 3617 suo
655 3566 731 3617 sodali
743 3561 857 3630 Pompelo
867 3565 933 3616 Varo
945 3566 1046 3632 scripsit
1062 3565 1102 3616 od.
1119 3566 1143 3625 3,
1160 3557 1205 3612 1.

379 3632 511 3697 Oraepe
527 3649 619 3683 mecum
634 3613 776 3699 tompus
769 3648 800 3684 ru
816 3635 955 3686 ultimum

378 3697 499 3760 Deducta,
515 3699 589 3752 Bruto
605 3702 706 3752 militiae
720 3702 789 3751 duee.
848 3715 850 3718 ·

199 3731 240 3811 ci.
254 3761 360 3814 Macron.
375 3765 460 3829 vitp.
477 3769 519 3816 11.
829 3783 830 3786 ’

266 3859 665 3933 11)1)1ο(1ιιι.11,16.Δρρ.
681 3867 707 3918 b.
723 3881 745 3918 c.
762 3865 786 3929 1,
802 3864 861 3918 tlt.
895 3865 959 3916 Plut.
975 3865 1042 3915 Brut.
1058 3861 1101 3914 13.
1117 3905 1120 3914 r
