2782 4558
613 308 828 405 ..qu-

175 482 180 488 '
224 483 274 539 tur
289 477 329 526 '-
345 481 501 554 propterea
524 478 629 553 opinor
652 477 732 552 quod
757 481 787 535 et
811 475 913 549 Valgio
938 477 969 533 et
992 476 1128 536 omnibus
1148 482 1221 536 satis

93 569 95 576 ’
226 573 360 644 cognitae
378 573 461 628 erant
478 603 517 615 -
535 574 565 628 et
583 586 654 628 vero
673 570 761 628 etiarn
779 569 912 627 (beamus
937 571 1005 625 sunt
1029 567 1066 626 ab
1087 570 1125 626 iis
1144 580 1220 644 quse

143 679 146 690 ·
225 665 313 738 paulo
330 665 399 737 post
418 664 584 733 tanguntur.
623 663 701 733 Ergo
720 659 887 732 conjectura
905 662 1019 716 tanturn
1043 663 1218 736 assequaris,

226 771 301 830 quae
318 769 395 811 nura
411 753 470 810 ista
481 752 614 824 Augusti
631 755 753 826 tropaea
771 751 888 809 iuennt
931 739 1048 808 Deinde
1072 767 1149 824 qnae
1174 769 1220 808 se·

224 848 352 920 quantur
369 843 440 901 satis
458 843 581 901 obscura
599 846 675 900 sunt
712 845 788 902 Nam
805 845 896 901 Medo
908 841 1038 914 flumine
1054 841 1087 898 in
1104 841 1221 898 univcr-

227 935 291 994 sum
319 936 493 993 denotantur
519 951 567 993 res
594 935 764 1010 Parthicae,
802 937 833 991 et
859 933 971 1004 rigidus
998 935 1049 991 ille
1076 937 1221 1008 Nipbutcs

226 1045 288 1086 uun
303 1027 400 1086 minus
418 1025 506 1100 quant
523 1027 575 1101 qui
593 1027 625 1082 in
642 1027 699 1084 fine
718 1027 978 1082 commemorantur
991 1025 1099 1084 acuns
1116 1029 1150 1082 ut
1168 1025 1220 1082 du-

226 1120 305 1179 biam
322 1119 433 1177 habeut
449 1117 690 1194 explicationem,
714 1117 757 1173 ita
775 1115 813 1172 ad
830 1119 963 1190 tempora
981 1114 1144 1174 delinienda
1161 1131 1221 1172 non

226 1211 347 1268 multum
365 1212 524 1268 conserunt.
561 1209 732 1267 Perdiffioile
751 1207 831 1264 dictu
847 1210 911 1284 est,
931 1207 1001 1281 quid
1016 1210 1145 1280 Niphate
1162 1208 1219 1264 sibi

226 1301 352 1360 voluerit
368 1305 465 1374 poeta.
504 1301 682 1374 interpretes
707 1298 825 1372 quidem
842 1299 1011 1356 Armeniam
1025 1297 1220 1369 significatam

227 1409 293 1450 esse
312 1393 470 1450 autumant.
509 1393 620 1450 Vereor
637 1394 735 1447 tamen
753 1393 787 1446 ut
804 1393 892 1447 recte.
930 1391 1005 1448 Nam
1023 1390 1147 1463 primum
1158 1391 1219 1446 llo-

227 1484 319 1541 ratius
336 1483 485 1557 Niphaten
502 1498 562 1539 non
579 1483 696 1539 videtur
713 1480 893 1538 intellexisse
917 1489 1060 1558 mem,
1085 1481 1138 1538 sed
1153 1481 1221 1552 flu-

226 1577 318 1634 uium.
354 1573 463 1632 Nescio
487 1573 565 1630 enim
589 1589 628 1630 an
653 1571 833 1630 subabsurde
859 1573 968 1630 dictum
992 1573 1046 1630 sit:
1070 1575 1219 1630 cantemus

175 1703 177 1711 ι
226 1669 359 1741 uiuidum
377 1671 507 1723 murem
522 1665 580 1740 .N.;
599 1665 748 1737 eleganter
758 1681 831 1720 vero
847 1667 878 1720 et
896 1664 1052 1723 concinnes
1070 1667 1220 1722 cantemus

211 1748 313 1830 ‘rigid
331 1756 480 1830 Niphaten
492 1749 645 1836 (fluvium)
657 1755 833 1829 Medumque
845 1757 953 1826 humen
965 1757 1092 1813 minores
1102 1755 1220 1812 volvere

226 1848 362 1906 vortices.
401 1847 466 1914 Qua
481 1847 527 1902 de'
552 1863 585 1903 re
610 1847 696 1919 plane
715 1847 860 1904 assentior
877 1829 1116 1906 lilitscherlichio.
1154 1848 1220 1904 Jarn

228 1941 255 1997 si
272 1939 393 1996 fluvium
410 1937 549 1995 Horatius
567 1937 671 1995 habuit
688 1938 854 2015 Niphaten,
872 1938 905 1995 in
922 1939 1035 1996 incerto
1046 1941 1102 2016 est,
1121 1942 1220 2011 quam·

227 2045 297 2088 narn
314 2033 422 2086 terram
447 2029 608 2100 significare
634 2031 767 2086 voluerit.
810 2031 887 2087 Nam
904 2030 1047 2102 Niphates
1067 2029 1220 2101 fluuiusa

227 2121 400 2194 geographis
412 2135 556 2193 nusquam
568 2123 752 2178 memoratur.
772 2119 865 2178 Schol.
884 2119 1004 2178 Aerem
1017 2121 1221 2196 ,sseylbiuu

222 2211 370 2286 fiuvicuus,
388 2209 499 2287 inquit,
513 2213 653 2285 plerique
667 2211 831 2270 Aruwruue
847 2217 978 2268 mmucm
993 2212 1132 2282 putum>
1159 2211 1228 2267 De·

226 2301 304 2359 iude.
315 2317 351 2357 eo
369 2301 484 2358 mcihus
495 2301 533 2358 ad
545 2318 610 2358 cam
622 2319 669 2359 mc
681 2303 789 2360 inclino
808 2301 997 2377 sententiam,
1015 2303 1049 2356 ut
1067 2300 1220 2360 Horatium

228 2391 345 2450 medam
367 2408 422 2449 nec
447 2395 527 2450 certo
552 2393 699 2464 cognitum
727 2392 965 2468 exploratumque
989 2393 1144 2470 habuisse,
1168 2391 1220 2449 ubi

226 2487 371 2542 terrarum
387 2483 530 2558 Niphates
549 2485 655 2541 fluriru
674 2487 769 2562 esset,
787 2501 859 2561 nec,
879 2483 905 2541 si
922 2485 1090 2542 Armeniam
1107 2485 1151 2542 ita
1170 2484 1219 2541 dc·

228 2574 369 2652 signavit,
389 2575 534 2647 singulare
544 2575 664 2650 aliquod
682 2579 713 2632 et
723 2575 910 2632 memorabile
923 2577 1031 2633 iactum
1042 2575 1219 2651 respexisse,

227 2682 285 2740 quo
303 2667 396 2738 magis
413 2667 486 2723 mihi
504 2683 677 2741 persuasum
696 2668 757 2743 est,
779 2668 874 2722 totum
887 2667 987 2724 locum
1005 2685 1043 2724 ex
1060 2666 1221 2738 virgiliano
1314 2704 1319 2716 ,

226 2755 260 2814 in
278 2757 383 2828 Georg.
403 2757 504 2834 3,31.
523 2759 650 2815 effictum
669 2773 745 2814 esse.
781 2757 856 2816 Vide
869 2758 966 2834 modo,
985 2761 1095 2832 quanta
1106 2757 1219 2816 Horatii

226 2847 358 2906 versibus
377 2849 536 2906 similitudo
554 2849 717 2906 intercedat
735 2865 801 2906 cum
818 2848 986 2920 virgilianis
1003 2849 1067 2908 his:

233 2961 236 2970 ⁸
374 2931 595 2998 Addam‘urbes
614 2939 703 2997 Asiae
723 2939 861 3016 domitas,
879 2941 1051 3015 pulsumque
1068 2939 1219 3012 Niphaten

373 3029 584 3103 Fidentemque
600 3027 681 3104 lupa
697 3032 848 3089 Particum
865 3032 1013 3105 versisque
1033 3028 1156 3101 sagittis.

373 3120 413 3178 Et
432 3125 493 3180 duo
510 3127 604 3194 ruptu
621 3121 844 3178 mauusdiverso
863 3137 902 3178 ex
919 3121 1003 3202 hoste
1021 3129 1148 3195 tropaea
1226 3171 1228 3178 .

336 3279 339 3284 1
373 3211 482 3286 Bisque
500 3212 693 3286 triumphatas
711 3215 835 3287 utroquo
854 3212 891 3270 ab
910 3214 995 3271 litere
1014 3215 1124 3285 gentes:

225 3301 302 3360 Hine
320 3297 396 3360 nihil
413 3303 510 3360 tribuo
528 3303 690 3379 Niphates,
716 3319 803 3378 quem
821 3319 840 3360 a
857 3304 980 3376 Virgilio
997 3306 1144 3362 mutuatus
1162 3304 1216 3358 est

224 3391 266 3450 Et
282 3393 432 3452 obscurior
450 3393 568 3451 omnino
586 3392 650 3464 eJ'us
670 3395 903 3452 commemoratio
922 3399 982 3470 est,
1003 3410 1088 3468 quam
1106 3395 1139 3447 ut
1156 3393 1218 3446 llo·

225 3481 328 3538 ratius.
341 3500 378 3540 ea
401 3485 532 3556 tetigisse
556 3484 637 3541 credi
660 3486 770 3562 possit,
798 3501 875 3558 quae
898 3501 926 3542 a.
946 3485 1010 3542 734.
1030 3485 1113 3554 gesta
1130 3480 1217 3538 claris

225 3569 324 3628 verbis
343 3573 386 3628 ita
404 3572 559 3647 descripsit
578 3575 610 3631 iu
628 3577 713 3650 epist
735 3578 768 3652 1,
789 3577 833 3634 12.
851 3576 891 3633 26
909 3590 969 3647 sq:
1151 3615 1158 3622 -

339 3661 484 3719 Gmtaher
501 3664 666 3742 Agrippae,
689 3668 798 3726 tioudi
814 3668 924 3722 sirim
940 3665 1072 3724 Neronis

336 3751 500 3812 amusan
518 3755 638 3828 σιοιιιὲη
654 3755 702 3827 ius
720 3755 931 3830 imperiumque
949 3757 1088 3816 Phraates

337 3841 471 3902 Caesaris
488 3845 601 3920 aceepit
618 3847 741 3918 genibus
758 3847 919 3907 minore-
1163 3865 1168 3872 ’
