2782 4558
577 275 827 344 «414-

229 439 409 518 καλούμενον
432 437 610 518 Αὔγουστον
634 438 855 519 ἀντωνόμιισε.
879 440 939 502 τῶν
962 438 1030 520 γὰρ.
1045 438 1145 504 ἄλλοιν
1169 440 1222 504 τὸν

229 531 433 613 Σεπτέμβριον
451 528 559 604 οὕτως,
578 527 737 614 ἐπειδήπερ
756 529 788 592 ἐν
804 529 889 610 αὐτῷ
905 528 1089 610 ἐγεγένητο,
1101 550 1222 614 προσα-

229 623 370 702 γορεῦσαι
383 619 607 697 ἐθελησάντων,
627 619 734 684 ἐκεῖνον
752 621 842 697 αὐτὸς
865 629 1077 706 προετίμησεν,
1102 623 1149 684 ὅτι
1172 628 1223 684 aul

228 709 393 786 ὅποιοςέν
410 710 495 792 αὐτῷ
511 709 679 793 τὸπρῶτον
697 710 895 788 ἀπεδέδεικτο,
914 719 976 774 aul
993 719 1116 794 μάχας
1133 717 1223 776 πολ-

229 802 296 875 λὰς
314 807 375 864 uui
392 805 559 882 μεγάλας
577 801 798 880 ἐνενικήκει.
815 802 867 866 tut
877 806 934 884 μὲν
944 800 996 866 οὖν
1006 807 1124 878 τούτοις
1135 801 1225 883 ἐγαο·
1263 793 1266 809 ’
1292 815 1296 823 “

230 891 352 976 uedeo.)
396 897 474 964 Quid
498 898 577 972 quod
600 913 639 955 ue
664 887 727 956 dies
753 899 872 974 quidem
894 894 1065 971 ignoraturi
1106 895 1224 956 Etenim
1283 935 1287 954 ,

229 987 444 1048 Aleuundrtua
462 992 651 1067 οωροριιοιίο
669 1005 729 1046 non
747 991 840 1048 solum
858 990 896 1047 ab
914 990 1021 1050 orosio
1038 989 1104 1048 libr.
1118 990 1146 1048 6.
1159 1005 1224 1064 oap.

232 1079 785 1170 la.udKatSeuat.1erertur·‚sed
805 1081 907 1138 eidem
920 1081 1008 1138 etiem
1027 1079 1086 1138 diei
1104 1081 1136 1137 in
1154 1081 1225 1140 Ku-
1282 1155 1287 1159 ι

226 1173 369 1230 murlo
387 1171 544 1230 andoeno
562 1165 700 1248 (claudii
724 1171 795 1246 imp.
820 1175 951 1246 tempore
969 1175 1003 1230 ut
1021 1170 1138 1229 ridetur
1155 1185 1225 1229 eou-

230 1255 324 1340 leuto)
343 1262 489 1336 adsumpta
508 1265 556 1320 eet
571 1261 618 1329 lais
636 1263 734 1321 verbis
753 1257 805 1345 (ot
825 1263 928 1321 Orellii
945 1263 1030 1320 inser.
1048 1263 1098 1320 lat
1117 1260 1222 1320 voi-ll.

228 1368 262 1426 ρ.
279 1353 345 1410 397.
383 1353 486 1411 ldeler.
506 1345 538 1410 in
555 1353 719 1412 Handbneh
738 1354 943 1414 derchrouol.
963 1354 1019 1412 vol.
1038 1353 1062 1412 1.·
1074 1369 1104 1426 p.
1125 1347 1223 1434 153.)=
1301 1402 1304 1410 .
1331 1403 1337 1411 x

529 1538 729 1620 ALEXAND.
754 1539 927 1598 RECEPIT.
1312 1605 1315 1608 .

225 1627 413 1703 'Quamquam
432 1629 609 1688 dubitaverit
627 1630 732 1705 aliquia
751 1629 806 1688 heo
825 1628 861 1687 de
879 1647 922 1688 re.
959 1630 1035 1690 Nam
1053 1629 1079 1688 ei
1099 1628 1225 1688 Dionem

232 1715 297 1801 (51,
317 1716 380 1802 19.)
399 1721 549 1797 audinum·
565 1720 704 1795 Aegyptii
722 1737 760 1780 ex
777 1721 896 1780 Petrum
913 1720 1031 1780 deoreto
1049 1719 1086 1779 ab
1105 1737 1141 1778 eo
1158 1721 1225 1795 ipso

233 1809 292 1888 die,
312 1828 368 1886 quo
386 1812 565 1872 Alexandria
583 1815 669 1888 repta
688 1816 761 1891 erat,
780 1827 873 1870 anuos
884 1814 1226 1885 Augustorumnumera·

179 1913 181 1918 ’
232 1905 300 1960 runt
319 1899 393 1985 (τήν
411 1921 444 1962 τε
460 1902 571 1982 ἡμέραν
588 1897 619 1962 ἐν
637 1891 658 1980 ᾗ
675 1903 692 1978 ἡ
713 1899 927 1984 Ἀλεξάνδρεια
945 1899 1034 1975 ἑάλω,
1054 1895 1175 1979 drudus
1192 1919 1225 1962 τι

152 2029 156 2040 «
233 1988 316 2065 εἶναι,
328 1997 379 2053 nat
386 1990 417 2066 ἐς
428 1989 466 2053 τᾶ
478 1992 580 2052 ἔπειτα
592 1990 641 2067 ἔτη
651 1991 745 2072 ἀρχὴν
756 1995 808 2070 τῆς
818 1992 1163 2074 ἀπορῶμήσεοιςοῦτῶν
1173 2011 1226 2053 νο-

156 2075 158 2080 ’
232 2079 409 2168 μίξεσθαι),
429 2087 460 2142 et
482 2086 646 2144 mmortoo
664 2089 781 2144 auetore
800 2081 861 2168 (de
887 2086 934 2142 die
953 2088 1013 2144 nat
1031 2080 1101 2164 21.)
1127 2085 1165 2142 ab
1188 2101 1226 2142 eo

233 2178 379 2250 tempore,
402 2176 682 2255 quo.iu.ditiouom
705 2177 736 2234 P.
762 2177 965 2235 nvenerunt
1001 2177 1068 2234 lam
1086 2191 1152 2232 cnm
1169 2174 1226 2232 ini·

159 2273 164 2294 '
232 2267 307 2324 tium
331 2283 416 2326 aerae
439 2264 640 2341 Augustorum
657 2267 861 2342 Aegyptiacae
886 2266 1022 2326 inciderit
1045 2265 1077 2323 in
1101 2266 1227 2340 primum
1312 2293 1321 2302 ·

233 2359 311 2416 diem
328 2359 568 2436 menusanum,
593 2357 644 2433 qui
668 2374 695 2416 a.
720 2375 749 2416 u.
775 2376 800 2417 ο.
818 2359 882 2416 724.
907 2356 1076 2432 luit‘pridie
1095 2357 1155 2416 Gal.
1175 2358 1227 2415 Se·

107 2431 111 2446 ⁸
232 2452 373 2528 plomba,
392 2455 426 2508 ut
443 2453 605 2526 probarunt
622 2449 790 2522 chronologi
808 2444 862 2530 (ot
881 2449 985 2508 ldeler.
1004 2449 1024 2506 1.
1042 2449 1062 2508 l
1080 2465 1110 2523 p.
1130 2444 1226 2532 154.)=

232 2542 411 2600 Alexandria
434 2545 490 2602 hoo
517 2535 615 2618 potius
643 2541 691 2599 dio
705 2543 888 2615 'expugnata
915 2555 980 2598 esse
1004 2541 1099 2614 possit
1122 2539 1226 2598 videri.

232 2633 274 2690 At
291 2650 369 2691 vero-
380 2633 582 2706 huJuscemodi
599 2633 745 2692 rationem
760 2633 863 2690 misam
887 2648 952 2690 esse
976 2647 1072 2706 neque
1090 2630 1133 2688 ita
1151 2647 1228 2689 oom-

233 2727 381 2803 paratam‚
406 2729 439 2782 ut
460 2725 526 2797 jnre
552 2724 679 2799 quodam
703 2723 900 2798 antiquissimi
922 2723 1030 2798 lapidis
1055 2721 1141 2780 fidem
1159 2737 1227 2780 oon·
1258 2745 1266 2752 ·

234 2817 362 2893 temnas,
393 2817 472 2874 laolli
499 2816 586 2876 modo
611 2815 761 2874 evincitur.
803 2817 880 2876 Nam
897 2815 1061 2889 Aegyptum
1080 2814 1228 2871 subactam

233 2919 299 2964 esse
317 2909 427 2964 Romae
442 2907 504 2979 jam
521 2907 564 2965 ld.
583 2904 744 2980 septembr.
762 2906 831 2970 aurai
841 2907 905 2964 724.
916 2906 1068 2966 constabat
1076 2899 1128 2982 (ol
1138 2903 1186 2960 od.
1198 2902 1226 2980 1,

234 2997 280 3052 37.
299 3013 329 3074 p.
341 2998 404 3054 170.
416 3001 446 3054 et
463 2998 554 3056 Mass.
571 2991 927 3078 tantm.,pag.1ea)‚
946 2997 988 3054 ita
1000 2998 1042 3072 ut,
1061 2993 1228 3052 siAlexun·
1313 3061 1319 3070 ,

234 3086 298 3143 dria
322 3091 447 3144 exeunte
471 3103 571 3146 mense
596 3089 674 3146 Sext
701 3092 786 3163 capte
805 3091 893 3164 esset,
916 3086 1035 3142 nuntius
1060 3085 1115 3142 hae
1139 3084 1176 3144 de
1193 3101 1228 3143 re

198 3201 201 3210 a
233 3180 301 3252 poet
317 3178 548 3253 quattuordecim
567 3177 630 3236 dies
648 3179 685 3238 ab
701 3180 836 3254 Aegypto
853 3177 975 3240 &mauu
993 3179 1072 3235 eruet
1089 3176 1227 3250 perlatum

166 3305 168 3313 ι
232 3271 297 3328 llou
314 3287 385 3328 vero
403 3271 543 3346 temporis
563 3271 710 3345 spatioid
727 3271 791 3328 lieri
808 3271 955 3346 potuisse,
980 3267 1124 3342 siquidum
1140 3265 1228 3324 nimis

233 3359 351 3434 longum
375 3345 587 3420 saeviatintar
600 3363 779 3435 Aegyptum
803 3364 834 3418 et
860 3361 975 3420 Italiam
998 3362 1120 3432 pontus,
1147 3358 1228 3414 reate

234 3453 353 3522 negavit
370 3454 498 3510 Messon.
518 3454 537 3510 l.
557 3453 594 3528 l,
612 3453 753 3510 Acastum
771 3451 1003 3510 animadvertens
1022 3463 1080 3506 uuo
1099 3449 1130 3502 at
1146 3445 1228 3517 vige·

235 3542 308 3600 simo
327 3543 499 3602 diefltomu
522 3543 657 3602 ΑιΙισιιοο
675 3543 813 3618 uenisse-‚1
837 3542 893 3598 etsi
916 3544 1033 3598 strenuo
1050 3535 1230 3596 itorl'eomit

233 3629 313 3710 (Cio.
333 3635 371 3691 ad
389 3635 455 3690 fam
476 3634 522 3709 14,
542 3626 604 3712 5.)‚
624 3635 654 3689 et
672 3633 761 3690 alium
773 3633 871 3694 neseio
883 3645 970 3705 quem
982 3628 1113 3689 Seleucia
1125 3627 1229 3700 Syriae

234 3733 267 3780 se
286 3725 332 3783 18.
353 3725 400 3782 die
418 3723 606 3781 Brundisium
624 3725 780 3783 nontalisse
799 3719 876 3800 (oto.
896 3721 1034 3788 adustio.
1048 3720 1095 3798 11,
1106 3713 1178 3798 ra).
1190 3748 1230 3764 -·

233 3815 336 3906 ltaque
360 3814 568 3878 Alexandriam
587 3814 650 3888 jam
674 3818 742 3874 aute
768 3815 795 3876 d.
821 3815 870 3874 lV.
897 3814 957 3874 Gal.
978 3813 1057 3890 Sept.
1081 3823 1229 3888 expugna·
