2790 4566
629 281 676 312 ·-.
707 246 770 312 118
806 279 848 289 -

389 413 534 486 Terrore
551 409 749 490 coujuratio
766 409 890 470 Parthis
906 407 1094 488 herimar,
1115 413 1154 474 st
1175 419 1236 476 ulto

388 507 562 564 Damasum
578 519 675 576 qenes
693 500 809 578 Aenea,
827 503 934 580 tellure
951 505 1092 577 memmae

389 598 524 669 Maenas
542 597 608 671 erit,
627 593 695 651 lorti
713 593 805 650 nubet
823 602 944 666 procera
965 593 1079 652 Corano

390 686 466 744 Filia
483 685 617 762 Nasicae,
636 684 793 743 metuentis
811 683 934 740 reddere
954 684 1077 746 soldum.
1166 687 1167 690 ’

242 779 290 838 Ex
306 777 353 836 his
366 781 445 835 certo
459 777 597 834 discimus
617 775 736 833 satiram
760 778 827 851 post
839 791 905 832 aon.
916 775 981 834 720.
996 777 1135 851 scriptam
1154 794 1238 857 esse,

242 886 310 929 nam
334 871 402 926 anta
420 869 452 926 id
476 871 590 943 tempus
609 868 746 928 Horatius
768 868 929 926 Octaviano
945 868 1077 930 nondum
1094 870 1137 928 ita
1154 871 1237 948 avis,

242 963 276 1018 nt
293 961 430 1020 blandam
449 967 479 1019 et
497 960 692 1020 honorificam
703 959 766 1030 ejus
790 945 967 1016 mentionem
993 960 1100 1018 alieubi
1125 962 1236 1022 lecerit

242 1051 390 1111 Probabit
408 1055 507 1110 autem
524 1053 636 1110 ratione
656 1051 753 1122 colligi
771 1067 858 1126 posse
875 1051 992 1110 videtur
1010 1067 1076 1110 eam
1094 1054 1162 1110 ante
1183 1068 1237 1125 pu·

243 1157 330 1214 gnam
341 1143 491 1200 Actiacam
510 1147 659 1202 exaratam
678 1160 761 1220 esse3
779 1159 848 1200 nam
867 1143 1011 1232 sipost,
1007 1142 1146 1202 Horatius
1157 1141 1238 1204 haud

243 1233 331 1292 dubie
362 1227 591 1306 magnificentius
622 1234 735 1292 locutus
766 1237 850 1297 esset
877 1237 909 1292 et
933 1215 1115 1294 disertiorem
1138 1247 1237 1296 rerum

243 1328 390 1396 gestarum
408 1326 523 1384 laudem
540 1326 724 1384 intexuisset.
764 1327 868 1385 Caro
859 1326 914 1397 igit
914 1342 949 1384 ur
968 1326 1006 1384 ob
1017 1325 1108 1384 verba
1120 1321 1237 1401 ,jaec-

199 1457 201 1460 -
242 1419 293 1474 raia
309 1418 432 1476 Parthis
449 1415 642 1478 mamam(
656 1417 693 1475 de
706 1418 892 1492 expeditione
902 1418 1022 1495 cogites,
1042 1431 1129 1491 quam
1146 1415 1236 1478 Octa·

239 1493 347 1566 1111111
366 1525 393 1566 a.
413 1509 476 1572 724.
503 1513 533 1566 et
558 1509 674 1566 125111
698 1510 800 1566 Asiam
831 1509 969 1586 suscepit,
1000 1513 1029 1566 et
1057 1507 1237 1568 scamarum

243 1599 341 1658 omnia
358 1601 477 1672 negotia
502 1603 532 1658 et
555 1615 626 1656 vero
650 1599 741 1658 etiam
767 1601 913 1660 Porclaca
947 1601 1159 1676 compositurus
1184 1595 1236 1676 (51.

242 1707 272 1765 p.
293 1685 384 1774 lla).
423 1693 468 1749 Eo
492 1694 625 1766 tempore
650 1695 739 1766 poeta
763 1692 882 1750 unicum
905 1709 1003 1752 rernm
1027 1691 1168 1752 arbitrum
1185 1690 1238 1750 vix

242 1781 366 1856 jessem
383 1783 500 1840 nomine
519 1784 736 1862 insignivissst,
761 1801 817 1844 nec
834 1783 951 1842 Parthia
968 1801 1036 1842 eom
1052 1781 1238 1858 horrendum,

160 1895 165 1911 ,
245 1875 298 1933 sed
310 1875 391 1951 ipsos
409 1876 533 1934 Parthos
548 1877 611 1948 Jam
626 1883 795 1950 praedator
807 1880 838 1935 et
850 1877 985 1934 subactos
1001 1876 1134 1952 dixisset,
1152 1873 1238 1948 plane

244 1968 278 2036 ut
297 1966 355 2024 Sat.
376 1968 404 2044 2,
426 1968 451 2024 1.
473 1968 517 2024 15.
538 1971 695 2044 „catomo
717 1971 825 2027 Partiri
849 1969 979 2027 taceretis
1002 1963 1103 2042 55155(ί
1122 1967 1239 2040 praeter

142 2091 145 2100 ‹
243 2058 400 2115 ueritatem
418 2063 567 2116 memorat.
607 2060 790 2132 Omninoque
809 2059 998 2118 vehementer
1013 2074 1041 2116 a
1059 2073 1130 2116 uero
1154 2057 1239 2114 aber·

190 2171 192 2178 ⁴
244 2152 320 2224 rant,
349 2149 400 2222 qui
429 2151 535 2207 satirae
564 2154 659 2208 ortum
686 2151 733 2208 vel
751 2151 789 2208 ad
807 2167 833 2209 a.
862 2165 954 2222 usquc
983 2148 1048 2206 726.
1077 2149 1239 2224 proferunt,

246 2255 351 2314 parum
369 2255 528 2319 memores,
555 2259 641 2317 quam
665 2242 834 2304 incredibile
854 2239 908 2316 sit,
927 2239 1080 2297 Horatium
1097 2237 1239 2312 triumphi

245 2329 484 2410 celebrationem,
509 2335 616 2392 Janum
640 2336 785 2424 clausum,
817 2333 889 2388 alios
920 2331 1046 2390 honores
1075 2330 1241 2417 Octaviano
1310 2376 1314 2382 .

137 2408 142 2418 ’
169 2421 172 2428 “
245 2419 319 2494 ipsis
347 2424 464 2482 Calend.
489 2427 607 2495 Januar
633 2445 660 2484 a.
679 2427 744 2484 125.
770 2425 902 2482 decretos
922 2421 968 2479 151
987 2439 1056 2480 casu
1073 2423 1121 2480 rel
1139 2421 1202 2480 dc
1193 2435 1239 2478 m·

245 2511 357 2572 dustria
380 2516 521 2594 tacuisse,
548 2522 578 2575 et
601 2536 649 2576 res
675 2519 765 2576 multo
790 2517 885 2574 minus
903 2512 1132 2576 memorabiles'
1123 2528 1156 2570 m
1174 2510 1255 2582 ejus-

243 2603 360 2663 laudem
378 2624 627 2667 commemorasse.
664 2609 700 2666 ld
718 2609 865 2683 praeclare
883 2606 959 2666 vidit
978 2603 1162 2680 Gootelend,
1188 2601 1239 2675 qui

244 2712 311 2770 pag.
337 2699 400 2756 465.
425 2700 455 2757 b.
480 2701 523 2758 ita
554 2701 686 2775 scripsit:
719 2701 840 2777 „Durch
871 2699 919 2756 die
943 2699 1061 2754 Worter
1092 2693 1236 2772 „„Partl1.

245 2787 449 2846 hanandus'⁷'’
469 2791 535 2849 darf
550 2809 618 2850 man
643 2793 705 2850 sich
729 2793 812 2850 nicht
829 2791 970 2849 verleiten
986 2789 1102 2863 lassen,
1120 2786 1168 2842 die
1187 2785 1238 2844 Sa·

245 2879 301 2936 tire
322 2885 421 2954 spater
439 2883 481 2939 als
500 2884 555 2940 ’122
574 2902 610 2940 zu
630 2886 744 2958 setzen,
764 2883 862 2939 indem
881 2877 924 2936 sic
936 2877 1131 2952 nurheissen,
1152 2875 1238 2932 dass

245 2987 324 3028 man
357 2989 427 3031 von
455 2974 647 3029 Octavian¹
670 2973 730 3028 die
761 2969 995 3039 Vollendung
1028 2968 1090 3025 der
1123 2965 1236 3024 Plane

246 3063 403 3122 Gaesars
424 3066 606 3119 erwarten
624 3063 755 3120 kiinne.
792 3062 896 3134 Spster
912 3063 991 3116 witra
1011 3057 1063 3115 der
1081 3057 1237 3120 Ausdruck

243 3153 303 3212 viel
327 3169 364 3212 zu
390 3154 524 3212 schwach
549 3153 713 3224 3111155511.π
756 3154 803 3211 Ex
826 3151 943 3208 Horatii
966 3150 1032 3206 loco
1049 3149 1187 3222 Virgilius
1204 3148 1237 3208 in

246 3245 351 3320 Georg.
369 3245 421 3304 lib.
439 3246 490 3303 Ill.
511 3245 627 3303 videtur
645 3245 824 3318 expressisse
843 3260 887 3301 vs.
907 3242 969 3301 34.=

393 3339 516 3397 Stabunt
535 3341 565 3394 et
582 3338 661 3396 Parii
678 3335 807 3413 lapidos,
828 3334 968 3409 spirantia
987 3331 1071 3402 signa
1170 3385 1174 3400 ,

392 3431 530 3498 Assaraci
547 3432 659 3506 proles,
680 3433 888 3502 decursusque
907 3426 945 3482 ab
964 3425 1041 3480 Jove
1057 3420 1156 3494 peras

392 3521 535 3596 Nomina,
554 3523 684 3596 Trosque
697 3535 803 3594 parens
817 3521 846 3574 51
854 3516 958 3586 Troiae
971 3511 1114 3584 cynmtm
1122 3511 1234 3572 sorar.

246 3607 277 3663 at
294 3605 326 3664 in
344 3608 367 3666 1.
386 3609 526 3666 Aeneidis
545 3614 627 3669 doris
649 3610 816 3669 vaticinium
833 3624 860 3665 1.
881 3606 962 3663 aad:

392 3699 534 3758 Nascetur
552 3703 671 3776 pulchra
690 3697 961 3774 noannoeane
981 3697 1106 3773 Caesar,
