2758 4544
543 287 842 394 ..gg-¹

153 452 268 510 sianum
286 453 543 532 perhonorificeet
563 455 598 511 de
618 455 760 512 industria
773 459 975 515 commemorat
988 451 1140 530 aliquoties

152 543 182 599 in
200 544 300 602 altero.
341 546 428 617 Cujus
452 546 484 601 in
509 546 601 618 primo
627 564 746 603 severus
771 549 800 602 et
824 549 978 606 acerrimus
1001 548 1093 619 judex
1111 551 1141 604 et

33 633 36 649 ‘
131 635 317 696 ,aestimator
340 639 451 712 luerat,
477 637 619 694 Lucilium
645 639 742 694 statim
767 637 804 694 ab
828 639 911 696 initIo
942 641 1060 698 alterius
1088 639 1140 696 ali-
1198 671 1205 680 ·

150 729 258 798 quanto
282 728 389 784 rectius
415 730 445 783 ct
468 729 558 785 multo
582 728 682 786 mitius
708 729 847 800 dijudicat
872 725 920 811 (v.
947 732 992 788 17.
1018 735 1141 804 sepiem

59 849 63 858 ·
148 815 286 874 Lucilius.
313 835 340 874 v.
361 818 406 875 29.
450 818 544 876 Lucili
568 819 642 897 ritu,
660 823 793 877 nostrum
812 821 940 879 melioris
959 825 1139 895 utroque-v.

147 907 199 974 74,
234 908 383 982 Quidquid
402 923 465 965 sum
484 925 554 986 ego,
581 914 713 984 quamvis
728 912 816 968 'Intra
830 912 927 986 'Lucili
953 927 1071 969 censum
1088 915 1139 970 io-

144 994 362 1079 qem'umpue)‚
382 1000 424 1056 ita
442 1003 588 1078 profecto,
614 1006 647 1059 ut
671 1003 729 1058 nisi
749 1001 887 1076 temporis
908 1004 1033 1077 spatium
1050 1005 1140 1060 inter·

146 1089 271 1146 cessisse
297 1090 375 1147 dicas
400 1095 542 1148 mutatum
566 1093 638 1150 illud
664 1097 695 1150 et
719 1111 737 1150 a
761 1095 858 1167 priore
883 1095 969 1168 plane
995 1095 1141 1152 diversum

143 1179 285 1250 judicium
311 1181 449 1256 explicari
473 1187 615 1258 nequeat:
653 1187 734 1252 Quae
754 1187 849 1243 omnia
869 1186 895 1242 si
914 1183 1140 1262 complectimur,

147 1272 212 1344 quis
238 1273 356 1330 taudem
375 1276 434 1351 est,
461 1275 512 1347 qui
531 1276 677 1334 diversum
696 1277 913 1351 compositionis
938 1280 1070 1352 tempus,
1097 1276 1140 1333 di·

147 1379 260 1420 versam
278 1367 383 1438 poetae
403 1368 544 1443 aetatem,
564 1371 675 1426 mutata
694 1368 790 1425 studia
809 1371 839 1424 et
859 1385 960 1424 sensus
979 1368 1141 1426 luculenter

146 1456 369 1513 commonstrari
387 1454 558 1528 negaveriti
576 1460 638 1516 lam
657 1460 682 1516 si
700 1460 768 1516 libri
780 1460 816 1517 ΙΙ.
837 1461 989 1516 Sermones
1002 1459 1040 1517 ad
1051 1472 1140 1516 uuum

147 1559 246 1602 ornnes
272 1549 340 1620 post
364 1547 451 1620 primi
476 1554 635 1624 conscripti
660 1553 743 1625 sunt,
774 1550 924 1607 videamus
949 1551 1019 1624 quid
1043 1550 1140 1622 colligi

144 1635 246 1708 possit.
284 1639 360 1694 Nam
379 1653 552 1712 quamquam
569 1641 657 1716 illud,
677 1639 755 1712 quod
767 1640 947 1713 probandum
959 1640 1044 1697 nobis
1063 1656 1140 1697 sum·
1182 1661 1183 1668 ¹

143 1725 271 1803 psimus,
305 1726 420 1784 diverso
460 1732 591 1802 ternpore
611 1733 659 1786 et·
678 1731 834 1802 separatim
858 1734 1010 1803 utrumque
1035 1730 1140 1788 librum

84 1879 87 1886 ,
143 1820 319 1890 sculponeae
350 1834 432 1894 esse,
464 1820 582 1876 minime
608 1821 753 1894 sequatur
776 1811 956 1877 necessario:
987 1823 1085 1875 tamen
1109 1822 1141 1878 et
1173 1847 1177 1856 =
1217 1813 1220 1818 “

142 1908 206 1984 fieri
232 1907 367 1980 potuisse·
389 1908 560 1980 intelligitur
584 1914 615 1966 et
637 1913 746 1968 factum
771 1911 920 1985 probabile
949 1925 1023 1966 esse.
1067 1911 1140 1967 Esto

132 1995 231 2055 enim.
270 1997 372 2056 Fuerit
391 2003 513 2074 uterque
531 2001 607 2058 liber
624 2018 682 2058 uno
702 1984 863 2076 eodemque
882 2005 1014 2075 tempore
1033 2001 1141 2058 editus.-

144 2089 232 2146 Eccui
250 2105 310 2146 uon
327 2091 432 2148 mirum
450 2090 600 2169 videatur,
619 2094 772 2152 Horatium
791 2095 864 2151 adeo
883 2095 1049 2151 constanter
1067 2097 1139 2149 tem-
1157 2113 1161 2127 ¹

143 2181 221 2254 poris
247 2181 379 2238 ordinem
404 2199 552 2260 servasse,
584 2187 617 2240 ut
644 2186 752 2242 nullam
783 2185 870 2259 plane
895 2184 1030 2242 habuerit
1054 2199 1139 2256 argu·

143 2272 235 2328 menti
261 2275 292 2328 et
311 2273 528 2348 compositionis
553 2275 711 2352 rationem,
737 2276 788 2351 qui
812 2278 844 2333 in
868 2277 961 2336 tribus
982 2276 1140 2332 carminum
1163 2338 1165 2341 ,

141 2361 223 2418 libris
243 2363 418 2434 conjunctim
437 2367 590 2439 publicatis
617 2368 794 2438 singulorum
818 2368 930 2424 natales
955 2369 997 2424 ita
1015 2383 1074 2422 non
1092 2383 1139 2423 re·

142 2455 256 2529 spexit,
276 2457 309 2511 ut
328 2456 541 2513 diversissimae
561 2459 671 2514 aetatis·
686 2459 814 2514 carmina
828 2457 915 2526 juxta
934 2451 1138 2514 collocaveritt

143 2545 202 2600 Cur
219 2532 338 2601 tandem
357 2546 431 2603 adeo
450 2547 645 2620 praevaluerit
663 2549 802 2621 temporis
825 2547 900 2603 ratio
918 2547 950 2602 in
969 2547 1139 2602 Sermonum

142 2632 244 2688 ordine
270 2636 489 2711 constituendo,
514 2641 547 2693 ut
565 2639 613 2695 vel
632 2639 791 2696 Octaviano
813 2637 924 2708 justam
950 2635 1139 2706 denegaverit
1169 2673 1184 2688 .

142 2723 357 2782 observantiam
382 2741 418 2782 ea
442 2729 554 2801 aetate,
580 2743 638 2800 qua
663 2727 742 2784 haud
768 2727 856 2785 dubie
875 2725 932 2800 ipsi
951 2721 1043 2782 leviti
1081 2727 1140 2782 Cur

141 2814 259 2872 tandem
278 2814 582 2873 maledicentissimum
606 2818 674 2874 libri
693 2819 716 2874 1.
755 2818 873 2874 satiram
899 2815 1055 2872 secundam
1080 2819 1138 2871 sta-

61 2978 64 2985 ,
140 2905 194 2962 tim
218 2905 250 2960 in
274 2907 367 2962 fronte
393 2907 490 2980 operis
519 2908 617 2982 posuit
643 2911 673 2963 et
703 2908 898 2984 pertinaciter·
915 2907 952 2963 de
977 2907 1138 2964 Octaviano

141 2996 247 3073 tacuit,
273 2997 355 3068 eujus
380 2998 428 3054 vel
447 2999 574 3055 secunda
592 3014 679 3056 manu
699 2999 884 3056 honorificam
902 2997 997 3072 potuit
1016 2999 1138 3054 mentio·

141 3103 207 3144 nem
232 3083 348 3145 laceret
388 3089 495 3155 Quidni
523 3091 688 3148 Satiraml
708 3099 831 3167 nonam,
857 3107 939 3162 crpus
965 3091 1137 3172 compositio
1209 3113 1211 3116 ·

142 3301 193 3338 cum
209 3289 328 3339 Paldaruo
346 3303 509 3343 communem
525 3305 596 3343 rem
600 3257 736 3354 intelligere
753 3295 885 3358 negotium
901 3291 1048 3356 publicant,
1066 3289 1137 3338 facile

140 3359 220 3404 tumen
244 3360 282 3405 est
305 3357 442 3419 explicatu,
466 3358 523 3420 quid
546 3359 642 3407 dixerit.
676 3361 769 3421 Quippe
786 3373 840 3408 cum
855 3359 1021 3407 Maecenatem
1037 3357 1138 3406 baberet
1185 3359 1188 3365 '
1219 3347 1224 3364 '

140 3421 279 3472 remitterem
297 3427 322 3473 et
338 3423 469 3484 fautorem,
485 3426 581 3474 scribae
599 3439 628 3473 eo
640 3426 771 3473 utebantur
781 3426 946 3472 intercessore
962 3437 993 3472 uc
1003 3426 1136 3487 sequestro,

140 3501 240 3550 eumque
262 3489 375 3550 adibant,
400 3492 442 3540 ubi
460 3506 500 3540 res
522 3492 605 3555 grauis
622 3493 747 3553 agebatur.
764 3517 798 3526 —-
830 3491 884 3539 Nec
900 3491 981 3539 scriba
1002 3489 1060 3552 soit,
1083 3503 1136 3538 cum

141 3555 237 3617 scripsit
253 3556 324 3620 epist.
341 3554 365 3616 1,
382 3555 423 3607 ld
440 3557 493 3606 17.ι

287 3623 329 3671 lue
345 3627 458 3672 muctare
474 3623 531 3672 milri
547 3624 598 3673 scis
614 3627 640 3672 ct
656 3622 784 3672 discedere
799 3624 908 3683 tristem,

288 3689 483 3752 Qusudocnuque
498 3690 620 3739 trahunt
613 3691 694 3739 rurisa
709 3691 808 3754 negotia
824 3691 933 3741 Romam.

142 3751 270 3806 caeterum
286 3769 311 3804 r.
328 3769 391 3818 quae
406 3757 554 3820 interpretes
566 3756 612 3804 hac
624 3756 693 3805 dere
709 3757 860 3819 protulerunt
876 3755 941 3820 apud
956 3756 1037 3807 Ricbt.
1054 3754 1134 3852 (Suet.

141 3818 238 3884 ιίιι.)
254 3819 372 3874 ru—lu
390 3823 743 3885 summasunmna

918 3903 938 3976 ³.
976 3945 982 3952 .
