2790 4566
610 295 674 334 =*-
708 285 770 350 rso
803 320 845 334 -

244 454 325 512 Haeo
352 451 449 510 omnia
476 461 522 510 tna
547 453 732 526 permovent,
757 451 790 508 ut
813 450 924 512 natales
949 405 1037 523 epodi
1064 451 1107 508 lt.
1133 465 1236 508 revera

244 545 277 602 in
295 561 360 601 ann.
381 543 444 600 724.
463 545 510 600 vel
529 542 592 598 init
612 542 760 615 sequentis
779 541 915 598 incidisse
935 540 1039 598 dicam
1058 573 1096 586 -
1114 541 1233 607 uncum

246 637 357 710 quaest.
376 651 406 708 p.
425 634 470 691 27.
491 631 519 711 ξ.
540 634 584 692 50.
605 647 671 690 enm
690 648 766 690 anno
785 633 848 690 722.
868 632 1036 704 assignavit

641 879 838 888 -—---.---⁴

468 1211 488 1251 ⁸
622 1221 736 1341 Gap.
766 1225 855 1312 lv.

379 1415 415 1470 ue
431 1417 578 1480 temporibus
594 1417 680 1480 quibus
697 1417 751 1466 libri
769 1417 788 1465 1.
806 1416 910 1466 earmina
927 1415 1016 1480 scripta
1032 1419 1089 1465 sint.

247 1685 411 1792 Venimus
434 1735 472 1792 ad
497 1732 632 1792 carmina.
670 1737 800 1803 Quorum
822 1737 855 1794 in
877 1736 1046 1795 recensione
1070 1737 1113 1792 itu
1137 1750 1234 1793 versa·

247 1809 358 1886 bimur,
379 1810 462 1867 utin
480 1827 580 1876 corum
598 1813 711 1868 tanturn
730 1816 825 1870 aetate
849 1812 1026 1887 exploranda
1045 1811 1233 1887 elaboremus,

246 1916 322 1974 quae
341 1903 503 1975 temporum
521 1901 630 1960 indicia
647 1904 695 1960 vol
713 1906 792 1962 certe
810 1903 858 1960 vel
876 1902 966 1961 dubia
984 1903 1141 1962 continent.
1177 1903 1235 1961 Re·

67 2007 69 2016 ¹
153 2075 156 2080 Ι
246 1990 327 2066 iique
345 1992 422 2050 intra
440 1992 1061 2074 annos724.et130.scriptaesseputa

324 2173 505 2232 ommi
528 2174 576 2230 n.
608 2177 712 2251 „Jam
737 2179 812 2233 satis
841 2176 955 2232 terrr'a”
978 2174 1088 2244 largam
1112 2172 1234 2246 praebet

200 2255 205 2266 ’
249 2263 416 2339 disputandi
440 2255 590 2323 materiem
614 2274 715 2339 eoque·
729 2266 821 2336 magis
846 2265 1037 2340 implicatam,
1067 2279 1125 2337 quo
1150 2263 1235 2337 plura
1346 2312 1351 2325 .
1392 2284 1393 2307 u

247 2356 387 2431 temporis
412 2357 584 2414 adminicula
615 2355 833 2414 subministrare
863 2356 987 2413 videtur.
1030 2355 1109 2416 Ante
1139 2354 1236 2412 omnia

249 2448 402 2506 consiliunt
419 2451 539 2524 poetae,
560 2463 617 2522 qno
636 2464 753 2529 carmen
772 2447 936 2524 scripserit,
956 2447 1163 2517 investigemus
1182 2462 1234 2502 ne-

248 2553 329 2596 cesse
355 2541 409 2598 est
452 2540 570 2598 Nemini
595 2539 692 2596 autern
717 2539 925 2596 sententiarum
949 2539 1055 2594 seriem
1074 2540 1103 2594 et
1127 2553 1234 2596 nexum

248 2633 381 2686 accurate
399 2629 560 2705 pensitanti
578 2630 698 2689 dubium
717 2631 787 2706 erit,
808 2630 878 2703 quin
895 2630 1083 2688 inhonorem
1096 2629 1235 2688 uacuare

247 2719 407 2778 Octauiani
421 2723 536 2777 'tectum
561 2720 615 2795 sit,
640 2722 690 2794 qui
714 2722 797 2779 bellis
823 2720 955 2782 civilibus
980 2720 1066 2778 modo
1091 2719 1235 2778 adfinem

247 2809 393 2884 perductis
418 2811 564 2868 lebentem
589 2810 735 2869 civitatem
760 2813 887 2870 erexerit
911 2815 941 2868 et
964 2811 1120 2868 instantem
1137 2809 1235 2884 perni-

248 2899 323 2958 ciem
347 2902 515 2958 cuminam
539 2905 677 2976 tunquam
701 2905 773 2960 deus
805 2902 937 2958 tutelaris
968 2902 1114 2964 averterit.
1158 2901 1234 2958 Satis

248 3005 407 3067 superque,
426 2992 537 3066 inquit,
555 3008 665 3066 poenes
685 2993 815 3049 dedimus
829 2992 901 3068 diis,
921 2992 1028 3066 quippe
1041 2995 1102 3048 tmn
1113 2993 1234 3050 naturae

247 3079 288 3154 vi,
307 3079 457 3157 grandine,
475 3082 653 3157 fulminibus,
663 3081 910 3164 ,inundationibus
930 3078 974 3163 (v.
996 3083 1063 3142 1-
1074 3078 1154 3165 tu),
1173 3085 1235 3140 tum

247 3168 389 3226 bellorum
416 3170 544 3228 civilium
578 3174 673 3229 furore
707 3173 740 3229 in
774 3189 914 3230 summam
948 3173 1094 3232 miseriam
1128 3173 1234 3246 dejecti

246 3253 430 3343 (tl-24.)
469 3262 563 3330 Quem
581 3263 684 3339 deum,
708 3265 742 3319 nt
759 3263 832 3322 haec
850 3265 925 3322 mala
943 3265 1062 3323 tandem
1080 3265 1235 3338 aliquando

247 3368 266 3410 a
283 3353 368 3414 uobis
378 3355 492 3410 evertat
504 3357 534 3410 et
547 3355 656 3412 seelera
668 3357 769 3412 nostra
781 3355 894 3432 expiet,
912 3350 1130 3412 invocabimus?
1157 3355 1234 3412 Num

247 3440 434 3512 Apolnnemt
459 3461 497 3502 an
514 3441 678 3504 Venerem?
697 3463 733 3502 an
752 3441 898 3502 Martemt
916 3460 954 3500 an
972 3444 1163 3519 Mercurium,
1183 3443 1234 3516 qui

249 3529 401 3590 Octaviani
419 3552 573 3608 personam
591 3536 623 3592 in
641 3540 719 3594 terra
736 3536 831 3592 induit
850 3526 1043 3614 (25-44.)t
1080 3534 1141 3610 Tu,
1162 3535 1235 3594 Cae·

248 3635 312 3696 sar,
331 3622 442 3678 civitati
460 3625 607 3682 Romanae
631 3643 700 3684 vere
726 3625 796 3680 deus
821 3639 995 3680 averruneus
1013 3623 1134 3682 venisti!
1171 3623 1235 3684 uti·

246 3726 315 3768 nam
343 3727 408 3768 sero
432 3711 464 3768 in
488 3715 615 3792 eoelum,
633 3715 756 3790 patriam
774 3716 869 3790 tuarn,
894 3714 1014 3792 redeas,
1044 3715 1151 3791 diuque
1179 3716 1233 3774 sub

247 3801 341 3862 Petris
360 3805 391 3861 et
408 3803 550 3880 Principis
568 3806 684 3864 nomine
703 3805 913 3880 triumphorum
936 3805 1092 3882 splendore
1111 3808 1234 3868 honora·
