2758 4544
566 227 775 302 ...69-

179 389 216 446 de
235 405 267 448 ro
286 389 494 465 illotomporis
520 395 613 450 trado
637 394 731 466 lyrica
754 395 894 452 Venusini
920 398 1025 470 poetae
1045 397 1172 454 earmina

179 480 372 538 Romanorum
401 486 431 539 et
462 482 554 556 ipsius
585 484 769 558 imperatoris
801 485 933 544 manibus
965 486 1072 544 dudm
1103 487 1172 544 trita

176 570 267 630 fuisse
287 576 365 632 reete
385 572 456 632 mihi
471 573 603 645 judicare
623 575 733 661 videor.¹

567 1367 681 1488 Cap.
711 1371 774 1460 V.
820 1433 824 1440 -

112 1621 119 1630 ι
219 1551 254 1600 Ite
271 1555 378 1617 tempore
396 1563 442 1614 quo
459 1551 520 1610 tiber
537 1552 691 1618 epistolarum
707 1553 772 1630 prior
789 1554 892 1622 scriptus
910 1559 935 1606 et
953 1551 1031 1606 editus
1047 1553 1126 1606 fuerit.

175 1816 278 1922 Quod
296 1873 315 1912 a
332 1855 433 1928 lyricis
452 1855 633 1932 carminibus
646 1855 808 1932 pangendis
826 1859 857 1913 et
869 1851 999 1932 quolibet
1016 1855 1080 1912 lusu
1100 1869 1168 1928 poe-

173 1947 233 2006 tico
257 1943 411 2005 Horatium
439 1947 572 2004 avocavit
589 1979 627 2010 ÷=
645 1950 772 2005 aetatem
796 1947 861 2006 dioo
886 1947 1029 2005 senectuti
1052 1943 1168 2020 propio-

173 2055 236 2096 rem
255 2041 286 2095 et
299 2037 424 2108 juvenili
435 2037 538 2126 ardore
551 2037 731 2114 destitutam,
750 2042 934 2114 mentemque
947 2041 978 2096 et
990 2038 1168 2095 voluntatem

125 2122 129 2132 “
175 2117 354 2186 immutatam
373 2129 506 2186 —idem
525 2129 563 2187 ad
581 2131 700 2188 tertium
719 2147 786 2188 eum
810 2131 900 2188 veluti
925 2129 1045 2202 gradum
1068 2127 1166 2202 poesis

174 2220 305 2298 adduxit,
324 2220 362 2278 ad
381 2221 519 2295 epistolas
539 2221 716 2280 scribendas.
743 2223 871 2290 Quarum
883 2225 1083 2294 argumentum
1102 2233 1167 2277 oum

174 2311 330 2368 maximam
348 2315 461 2386 partem
479 2312 510 2368 in
528 2313 615 2372 rebus
640 2314 725 2372 seriis
750 2316 781 2372 et
805 2313 941 2386 mantus
965 2312 1093 2387 positum
1116 2310 1166 2386 sit,

147 2467 150 2475 ,
174 2401 216 2460 ita
234 2402 368 2478 quidem,
386 2404 420 2458 ut
437 2402 469 2458 in
487 2403 607 2475 prologo
624 2407 704 2462 reete
723 2404 852 2478 potuerit
870 2405 972 2460 auctor
990 2403 1103 2477 disere,
1123 2417 1166 2477 se,
1184 2397 1190 2410 “

174 2493 245 2567 quid
263 2507 380 2569 verum,
404 2493 516 2549 reotnm
539 2495 627 2567 atque
646 2494 753 2551 deoons
773 2493 827 2569 sit,
852 2493 937 2550 unios
955 2506 1112 2566 quaerere,
1135 2494 1167 2548 et

122 2614 126 2621 ,
175 2599 250 2656 quae
268 2585 403 2656 prompta
420 2581 459 2638 ad
477 2599 563 2640 usum
582 2583 642 2641 sint
658 2598 830 2659 procurare,
850 2596 972 2654 eumque
990 2581 1084 2655 ipsius
1096 2595 1165 2653 poe·
1222 2644 1227 2652 .

175 2676 223 2750 tae
242 2671 352 2729 tristior
371 2669 492 2728 subinde
512 2677 542 2730 et
560 2675 702 2732 morosior
720 2673 808 2732 animi
829 2671 943 2730 affectio
968 2687 1006 2728 ex
1027 2670 1074 2730 his
1097 2685 1166 2744 poe-
1246 2747 1255 2756 l

158 2762 260 2820 matis
279 2761 363 2835 quasi
377 2764 522 2838 emergat,
541 2778 628 2836 quam
646 2780 714 2841 qua,
733 2765 803 2821 dum
820 2761 924 2819 melios
943 2761 1077 2836 scripsit,
1096 2775 1166 2818 usus

175 2854 278 2912 fueritz
297 2853 359 2910 veri
378 2851 534 2910 admodum
552 2852 646 2913 similo
664 2857 697 2912 tit
721 2871 788 2912 eum
807 2851 946 2912 absolutis
966 2852 1080 2909 demum
1098 2849 1166 2923 lyri-
1258 2915 1259 2920 .

176 2946 218 3002 eis
236 2944 319 3002 libris
337 2943 357 3001 i.
378 2961 404 3001 e.
424 2946 492 3017 post
510 2959 617 3006 annum
635 2963 663 3003 u.
684 2963 708 3003 o.
729 2946 793 3003 730.
819 2943 858 3002 ad
876 2943 1014 3018 epistolas
1039 2941 1165 3000 seriben-

176 3035 228 3092 das
247 3052 311 3092 sose
331 3034 500 3092 accinxisse.
520 3071 558 3081 -
577 3039 615 3096 Et
634 3036 709 3096 siin
729 3037 905 3109 singularum
928 3029 1054 3094 aetatem
1070 3033 1165 3108 inqui-

177 3126 295 3202 siveris,
312 3127 431 3182 'nnllam
455 3127 602 3204 invenies,
632 3145 706 3202 quae
731 3130 799 3186 anto
818 3143 884 3184 enm
903 3143 929 3184 a.
949 3129 1030 3185 certo
1058 3125 1166 3199 scripta

177 3217 223 3274 sit.
261 3218 336 3275 Nam
364 3216 443 3290 quod
470 3218 619 3276 Kirehner.
638 3220 671 3276 in
689 3221 801 3294 quaest.
816 3205 850 3292 p.
868 3217 914 3274 34.
935 3217 1020 3290 epist
1043 3217 1071 3290 l,
1087 3215 1117 3270 2.
1136 3229 1163 3271 a.

178 3309 240 3365 727.
261 3311 354 3365 ortam
374 3324 439 3364 osse
457 3308 570 3384 statuit,
589 3312 686 3382 potest
704 3309 822 3384 quidem
840 3319 942 3372 veum
960 3322 1025 3362 esse
1044 3302 1097 3360 sed
1115 3318 1165 3360 ns·

176 3399 240 3474 quit
258 3399 375 3474 probari
393 3400 580 3471 argumentis.
619 3401 716 3468 Quare
744 3399 852 3456 rectius
879 3397 1003 3454 sortasse
1031 3391 1166 3456 duodeui-

177 3507 268 3548 mam:
290 3497 349 3567 „ut
363 3487 622 3564 mofioaomffl
635 3481 764 3548 omniurn
781 3488 904 3564 primam
923 3486 1041 3564 dixeris,
1060 3501 1087 3542 s.
1101 3484 1164 3542 730.

177 3581 224 3638 vel
243 3580 307 3639 731.
328 3583 483 3640 exmatam.
522 3581 580 3641 Sed
598 3581 785 3642 haecomnia
802 3595 862 3638 non
879 3577 971 3662 magis
990 3579 1070 3636 serta
1088 3578 1166 3650 snut,

178 3687 264 3745 quam
282 3687 356 3745 quae
382 3672 559 3734 denomino
584 3678 615 3733 et
639 3673 735 3734 indole
764 3671 950 3746 epistolarum
977 3667 1168 3728 instituuntur

58 3833 61 3843 Ι
178 3761 369 3836 quaestiones.
