<?xml version="1.0" encoding="UTF-8"?>
<!DOCTYPE html PUBLIC "-//W3C//DTD XHTML 1.0 Transitional//EN"
    "http://www.w3.org/TR/xhtml1/DTD/xhtml1-transitional.dtd">
<html xmlns="http://www.w3.org/1999/xhtml" xml:lang="en" lang="en">
 <head>
  <title>
</title>
<meta http-equiv="Content-Type" content="text/html;charset=utf-8" />
  <meta name='ocr-system' content='tesseract 3.04.00' />
  <meta name='ocr-capabilities' content='ocr_page ocr_carea ocr_par ocr_line ocrx_word'/>
</head>
<body>
  <div class='ocr_page' id='page_1' title='image "./fastihoratiani01lachgoog_0056.png"; bbox 0 0 2758 4544; ppageno 0'>
   <div class='ocr_carea' id='block_1_1' title="bbox 624 358 833 428">
    <p class='ocr_par' dir='ltr' id='par_1_1' title="bbox 624 358 833 428">
     <span class='ocr_line' id='line_1_1' title="bbox 624 358 833 428; baseline 0.005 -19"><span class='ocrx_word' id='word_1_1' title='bbox 624 358 833 428; x_wconf 57' lang='lat'>..50-</span> 
     </span>
    </p>
   </div>
   <div class='ocr_carea' id='block_1_2' title="bbox 113 515 1221 604">
    <p class='ocr_par' dir='ltr' id='par_1_2' title="bbox 113 515 1221 604">
     <span class='ocr_line' id='line_1_2' title="bbox 113 515 1221 604; baseline -0.002 -17"><span class='ocrx_word' id='word_1_2' title='bbox 113 521 117 538; x_wconf 81' lang='lat'><em>&#39;</em></span> <span class='ocrx_word' id='word_1_3' title='bbox 231 515 359 604; x_wconf 84' lang='lat' dir='ltr'>Epodon</span> <span class='ocrx_word' id='word_1_4' title='bbox 374 545 443 586; x_wconf 87' lang='lat' dir='ltr'>vero</span> <span class='ocrx_word' id='word_1_5' title='bbox 463 517 591 601; x_wconf 82' lang='lat' dir='ltr'>syllogen</span> <span class='ocrx_word' id='word_1_6' title='bbox 609 515 793 601; x_wconf 61' lang='lat' dir='ltr'>&#39;publicatam</span> <span class='ocrx_word' id='word_1_7' title='bbox 811 526 901 584; x_wconf 78' lang='lat' dir='ltr'>fuisse</span> <span class='ocrx_word' id='word_1_8' title='bbox 926 529 1042 601; x_wconf 85' lang='lat' dir='ltr'>oportet</span> <span class='ocrx_word' id='word_1_9' title='bbox 1063 529 1221 601; x_wconf 88' lang='lat' dir='ltr'>antequam</span> 
     </span>
    </p>
   </div>
   <div class='ocr_carea' id='block_1_3' title="bbox 131 610 1262 2880">
    <p class='ocr_par' dir='ltr' id='par_1_3' title="bbox 131 610 1223 2694">
     <span class='ocr_line' id='line_1_3' title="bbox 230 610 1219 698; baseline -0.002 -21"><span class='ocrx_word' id='word_1_10' title='bbox 230 620 319 695; x_wconf 90' lang='lat' dir='ltr'>epodi</span> <span class='ocrx_word' id='word_1_11' title='bbox 337 620 405 677; x_wconf 82' lang='lat' dir='ltr'>libri</span> <span class='ocrx_word' id='word_1_12' title='bbox 423 621 445 676; x_wconf 90' lang='lat' dir='ltr'>I.</span> <span class='ocrx_word' id='word_1_13' title='bbox 466 619 625 698; x_wconf 72' lang='lat' dir='ltr'><strong>carminum</strong></span> <span class='ocrx_word' id='word_1_14' title='bbox 644 610 797 693; x_wconf 77' lang='lat' dir='ltr'>compositi</span> <span class='ocrx_word' id='word_1_15' title='bbox 816 617 952 674; x_wconf 87' lang='lat' dir='ltr'>essenti.</span> <span class='ocrx_word' id='word_1_16' title='bbox 973 635 998 675; x_wconf 84' lang='lat' dir='ltr'>e.</span> <span class='ocrx_word' id='word_1_17' title='bbox 1018 620 1085 674; x_wconf 92' lang='lat' dir='ltr'>aute</span> <span class='ocrx_word' id='word_1_18' title='bbox 1104 622 1170 675; x_wconf 87' lang='lat' dir='ltr'>ann.</span> <span class='ocrx_word' id='word_1_19' title='bbox 1190 635 1219 676; x_wconf 92' lang='lat' dir='ltr'>u.</span> 
     </span>
     <span class='ocr_line' id='line_1_4' title="bbox 230 708 1220 786; baseline -0.003 -17"><span class='ocrx_word' id='word_1_20' title='bbox 230 729 255 769; x_wconf 87' lang='lat' dir='ltr'>o.</span> <span class='ocrx_word' id='word_1_21' title='bbox 275 711 339 768; x_wconf 83' lang='lat'>725.</span> <span class='ocrx_word' id='word_1_22' title='bbox 369 713 446 782; x_wconf 80' lang='lat' dir='ltr'>Ergo</span> <span class='ocrx_word' id='word_1_23' title='bbox 465 718 530 767; x_wconf 85' lang='lat' dir='ltr'>non&#39;</span> <span class='ocrx_word' id='word_1_24' title='bbox 541 722 645 767; x_wconf 86' lang='lat' dir='ltr'>vereor</span> <span class='ocrx_word' id='word_1_25' title='bbox 662 726 699 766; x_wconf 88' lang='lat' dir='ltr'>ne</span> <span class='ocrx_word' id='word_1_26' title='bbox 719 723 893 783; x_wconf 82' lang='lat' dir='ltr'>magnopere</span> <span class='ocrx_word' id='word_1_27' title='bbox 911 708 993 766; x_wconf 81' lang='lat' dir='ltr'>fallar</span> <span class='ocrx_word' id='word_1_28' title='bbox 1011 709 1220 786; x_wconf 71' lang='lat' dir='ltr'>ratiocinando,</span> 
     </span>
     <span class='ocr_line' id='line_1_5' title="bbox 131 784 1221 878; baseline -0.001 -20"><span class='ocrx_word' id='word_1_29' title='bbox 131 784 133 794; x_wconf 62' lang='grc'>’</span> <span class='ocrx_word' id='word_1_30' title='bbox 223 803 257 858; x_wconf 80' lang='lat' dir='ltr'>si</span> <span class='ocrx_word' id='word_1_31' title='bbox 277 801 401 876; x_wconf 85' lang='lat' dir='ltr'>epodum</span> <span class='ocrx_word' id='word_1_32' title='bbox 421 799 465 859; x_wconf 84' lang='lat' dir='ltr'>li.</span> <span class='ocrx_word' id='word_1_33' title='bbox 486 805 617 859; x_wconf 86' lang='lat' dir='ltr'>extrema</span> <span class='ocrx_word' id='word_1_34' title='bbox 634 803 717 875; x_wconf 84' lang='lat' dir='ltr'>parte</span> <span class='ocrx_word' id='word_1_35' title='bbox 737 801 806 858; x_wconf 83' lang='lat' dir='ltr'>anni</span> <span class='ocrx_word' id='word_1_36' title='bbox 825 796 889 878; x_wconf 81' lang='grc'><strong>724.</strong></span> <span class='ocrx_word' id='word_1_37' title='bbox 909 801 957 857; x_wconf 83' lang='lat' dir='ltr'>rel</span> <span class='ocrx_word' id='word_1_38' title='bbox 975 797 1059 856; x_wconf 85' lang='lat' dir='ltr'>initio</span> <span class='ocrx_word' id='word_1_39' title='bbox 1072 801 1221 875; x_wconf 84' lang='lat' dir='ltr'>sequentis</span> 
     </span>
     <span class='ocr_line' id='line_1_6' title="bbox 231 891 1221 967; baseline -0.001 -18"><span class='ocrx_word' id='word_1_40' title='bbox 231 893 380 966; x_wconf 83' lang='lat' dir='ltr'>scriptum,</span> <span class='ocrx_word' id='word_1_41' title='bbox 399 891 558 967; x_wconf 83' lang='lat' dir='ltr'>eodemque</span> <span class='ocrx_word' id='word_1_42' title='bbox 577 896 707 966; x_wconf 88' lang='lat' dir='ltr'>tempore</span> <span class='ocrx_word' id='word_1_43' title='bbox 725 908 784 949; x_wconf 88' lang='lat' dir='ltr'>una</span> <span class='ocrx_word' id='word_1_44' title='bbox 802 906 868 948; x_wconf 88' lang='lat' dir='ltr'>curn</span> <span class='ocrx_word' id='word_1_45' title='bbox 887 891 1009 948; x_wconf 82' lang='lat' dir='ltr'>caeteris</span> <span class='ocrx_word' id='word_1_46' title='bbox 1021 891 1129 966; x_wconf 83' lang='lat' dir='ltr'>publici</span> <span class='ocrx_word' id='word_1_47' title='bbox 1143 891 1221 962; x_wconf 81' lang='lat' dir='ltr'>juris</span> 
     </span>
     <span class='ocr_line' id='line_1_7' title="bbox 223 977 1169 1042; baseline 0.002 -2"><span class='ocrx_word' id='word_1_48' title='bbox 223 987 338 1041; x_wconf 77' lang='lat' dir='ltr'>iactum</span> <span class='ocrx_word' id='word_1_49' title='bbox 357 1001 421 1042; x_wconf 85' lang='lat' dir='ltr'>esse</span> <span class='ocrx_word' id='word_1_50' title='bbox 441 985 515 1042; x_wconf 85' lang='lat' dir='ltr'>dieo.</span> <span class='ocrx_word' id='word_1_51' title='bbox 826 989 832 994; x_wconf 78' lang='grc'><strong>”</strong></span> <span class='ocrx_word' id='word_1_52' title='bbox 1168 977 1169 984; x_wconf 54' lang='lat'><em>&#39;</em></span> 
     </span>
     <span class='ocr_line' id='line_1_8' title="bbox 271 1073 1219 1151; baseline -0.002 -19"><span class='ocrx_word' id='word_1_53' title='bbox 271 1087 274 1091; x_wconf 86' lang='grc'><em>·</em></span> <span class='ocrx_word' id='word_1_54' title='bbox 303 1076 362 1133; x_wconf 92' lang='lat' dir='ltr'>Sub</span> <span class='ocrx_word' id='word_1_55' title='bbox 382 1076 460 1132; x_wconf 87' lang='lat' dir='ltr'>idem</span> <span class='ocrx_word' id='word_1_56' title='bbox 477 1079 591 1150; x_wconf 85' lang='lat' dir='ltr'>tempus</span> <span class='ocrx_word' id='word_1_57' title='bbox 610 1077 748 1132; x_wconf 81' lang='lat' dir='ltr'><strong>Horatius</strong></span> <span class='ocrx_word' id='word_1_58' title='bbox 767 1074 944 1151; x_wconf 80' lang='lat' dir='ltr'>palinodiam</span> <span class='ocrx_word' id='word_1_59' title='bbox 961 1075 1047 1131; x_wconf 85' lang='lat' dir='ltr'>illam</span> <span class='ocrx_word' id='word_1_60' title='bbox 1064 1073 1139 1131; x_wconf 83' lang='lat' dir='ltr'>libro</span> <span class='ocrx_word' id='word_1_61' title='bbox 1158 1089 1219 1130; x_wconf 87' lang='lat' dir='ltr'>oar-</span> 
     </span>
     <span class='ocr_line' id='line_1_9' title="bbox 150 1151 1223 1248; baseline 0 -26"><span class='ocrx_word' id='word_1_62' title='bbox 150 1151 171 1248; x_wconf 37' lang='lat'>&#39;,</span> <span class='ocrx_word' id='word_1_63' title='bbox 229 1167 339 1222; x_wconf 87' lang='lat' dir='ltr'>minum</span> <span class='ocrx_word' id='word_1_64' title='bbox 357 1167 451 1241; x_wconf 90' lang='lat' dir='ltr'>primo</span> <span class='ocrx_word' id='word_1_65' title='bbox 474 1168 613 1224; x_wconf 75' lang='lat' dir='ltr'><strong>insertam</strong></span> <span class='ocrx_word' id='word_1_66' title='bbox 638 1167 687 1242; x_wconf 78' lang='lat'>„0</span> <span class='ocrx_word' id='word_1_67' title='bbox 705 1174 803 1225; x_wconf 80' lang='lat' dir='ltr'>matre</span> <span class='ocrx_word' id='word_1_68' title='bbox 818 1168 949 1240; x_wconf 70' lang='lat' dir='ltr'>pulchra</span> <span class='ocrx_word' id='word_1_69' title='bbox 963 1164 1031 1236; x_wconf 79' lang='lat' dir='ltr'>filiu</span> <span class='ocrx_word' id='word_1_70' title='bbox 1046 1163 1223 1239; x_wconf 65' lang='lat' dir='ltr'>pulchrior‘s</span> 
     </span>
     <span class='ocr_line' id='line_1_10' title="bbox 229 1256 1219 1333; baseline -0.002 -19"><span class='ocrx_word' id='word_1_71' title='bbox 229 1258 350 1333; x_wconf 81' lang='lat' dir='ltr'>cecinit,</span> <span class='ocrx_word' id='word_1_72' title='bbox 376 1273 433 1331; x_wconf 90' lang='lat' dir='ltr'>qua</span> <span class='ocrx_word' id='word_1_73' title='bbox 452 1257 573 1314; x_wconf 88' lang='lat' dir='ltr'>eandem</span> <span class='ocrx_word' id='word_1_74' title='bbox 592 1274 638 1314; x_wconf 91' lang='lat' dir='ltr'>me</span> <span class='ocrx_word' id='word_1_75' title='bbox 659 1258 758 1328; x_wconf 81' lang='lat' dir='ltr'>jndice</span> <span class='ocrx_word' id='word_1_76' title='bbox 785 1257 936 1316; x_wconf 80' lang='lat' dir='ltr'>Canidiam</span> <span class='ocrx_word' id='word_1_77' title='bbox 960 1257 1022 1322; x_wconf 81' lang='lat' dir='ltr'>sive</span> <span class='ocrx_word' id='word_1_78' title='bbox 1048 1256 1219 1331; x_wconf 81' lang='lat' dir='ltr'>Gratidiam,</span> 
     </span>
     <span class='ocr_line' id='line_1_11' title="bbox 203 1348 1218 1425; baseline -0.001 -21"><span class='ocrx_word' id='word_1_79' title='bbox 203 1384 208 1394; x_wconf 67' lang='lat'><em>‹</em></span> <span class='ocrx_word' id='word_1_80' title='bbox 228 1365 316 1422; x_wconf 91' lang='lat' dir='ltr'>quam</span> <span class='ocrx_word' id='word_1_81' title='bbox 335 1349 451 1422; x_wconf 87' lang='lat' dir='ltr'>saepius</span> <span class='ocrx_word' id='word_1_82' title='bbox 466 1348 573 1420; x_wconf 85' lang='lat' dir='ltr'>jambis</span> <span class='ocrx_word' id='word_1_83' title='bbox 592 1349 692 1425; x_wconf 85' lang='lat' dir='ltr'>laesit,</span> <span class='ocrx_word' id='word_1_84' title='bbox 719 1349 795 1406; x_wconf 87' lang='lat' dir='ltr'>serio</span> <span class='ocrx_word' id='word_1_85' title='bbox 814 1348 1024 1422; x_wconf 86' lang='lat' dir='ltr'>quodammodo</span> <span class='ocrx_word' id='word_1_86' title='bbox 1044 1348 1100 1404; x_wconf 82' lang='lat' dir='ltr'>sibi</span> <span class='ocrx_word' id='word_1_87' title='bbox 1118 1364 1218 1405; x_wconf 87' lang='lat' dir='ltr'>recon-</span> 
     </span>
     <span class='ocr_line' id='line_1_12' title="bbox 228 1433 1217 1518; baseline -0.002 -22"><span class='ocrx_word' id='word_1_88' title='bbox 228 1440 348 1496; x_wconf 86' lang='lat' dir='ltr'>ciliaret.</span> <span class='ocrx_word' id='word_1_89' title='bbox 388 1441 453 1506; x_wconf 85' lang='lat' dir='ltr'>Qua</span> <span class='ocrx_word' id='word_1_90' title='bbox 476 1441 508 1496; x_wconf 93' lang='lat' dir='ltr'>in</span> <span class='ocrx_word' id='word_1_91' title='bbox 531 1457 564 1496; x_wconf 91' lang='lat' dir='ltr'>re</span> <span class='ocrx_word' id='word_1_92' title='bbox 590 1441 675 1513; x_wconf 90' lang='lat' dir='ltr'>plane</span> <span class='ocrx_word' id='word_1_93' title='bbox 701 1456 767 1496; x_wconf 90' lang='lat' dir='ltr'>cum</span> <span class='ocrx_word' id='word_1_94' title='bbox 790 1441 950 1497; x_wconf 87' lang='lat' dir='ltr'>Kirchnero</span> <span class='ocrx_word' id='word_1_95' title='bbox 975 1435 1102 1518; x_wconf 86' lang='lat' dir='ltr'>(quaest.</span> <span class='ocrx_word' id='word_1_96' title='bbox 1123 1433 1150 1515; x_wconf 71' lang='lat'>5.</span> <span class='ocrx_word' id='word_1_97' title='bbox 1170 1439 1217 1494; x_wconf 87' lang='lat'>51.</span> 
     </span>
     <span class='ocr_line' id='line_1_13' title="bbox 227 1524 1216 1610; baseline 0.001 -25"><span class='ocrx_word' id='word_1_98' title='bbox 227 1546 255 1604; x_wconf 93' lang='lat' dir='ltr'>p.</span> <span class='ocrx_word' id='word_1_99' title='bbox 268 1524 331 1610; x_wconf 80' lang='lat'>27.)</span> <span class='ocrx_word' id='word_1_100' title='bbox 350 1531 451 1587; x_wconf 83' lang='lat' dir='ltr'>sentio.</span> <span class='ocrx_word' id='word_1_101' title='bbox 471 1533 546 1589; x_wconf 89' lang='lat' dir='ltr'>Nam</span> <span class='ocrx_word' id='word_1_102' title='bbox 557 1530 634 1604; x_wconf 88' lang='lat' dir='ltr'>quod</span> <span class='ocrx_word' id='word_1_103' title='bbox 643 1531 809 1605; x_wconf 80' lang='lat' dir='ltr'>nuperrime</span> <span class='ocrx_word' id='word_1_104' title='bbox 822 1532 946 1588; x_wconf 88' lang='lat' dir='ltr'>Oreiiius</span> <span class='ocrx_word' id='word_1_105' title='bbox 959 1531 990 1588; x_wconf 93' lang='lat' dir='ltr'>in</span> <span class='ocrx_word' id='word_1_106' title='bbox 1008 1541 1116 1602; x_wconf 79' lang='lat' dir='ltr'>orgum.</span> <span class='ocrx_word' id='word_1_107' title='bbox 1130 1547 1216 1588; x_wconf 87' lang='lat' dir='ltr'>canu.</span> 
     </span>
     <span class='ocr_line' id='line_1_14' title="bbox 225 1621 1218 1699; baseline 0 -21"><span class='ocrx_word' id='word_1_108' title='bbox 225 1638 255 1695; x_wconf 89' lang='lat' dir='ltr'>p.</span> <span class='ocrx_word' id='word_1_109' title='bbox 275 1622 320 1678; x_wconf 84' lang='lat'>71.</span> <span class='ocrx_word' id='word_1_110' title='bbox 342 1621 474 1698; x_wconf 79' lang='lat' dir='ltr'>scripsit,</span> <span class='ocrx_word' id='word_1_111' title='bbox 504 1625 535 1678; x_wconf 91' lang='lat' dir='ltr'>et</span> <span class='ocrx_word' id='word_1_112' title='bbox 562 1625 658 1684; x_wconf 84' lang='lat' dir='ltr'>toturn</span> <span class='ocrx_word' id='word_1_113' title='bbox 674 1626 874 1692; x_wconf 80' lang='lat' dir='ltr'>argumentum</span> <span class='ocrx_word' id='word_1_114' title='bbox 901 1623 999 1680; x_wconf 85' lang='lat' dir='ltr'>fiotum</span> <span class='ocrx_word' id='word_1_115' title='bbox 1026 1623 1134 1699; x_wconf 84' lang='lat' dir='ltr'>videri,</span> <span class='ocrx_word' id='word_1_116' title='bbox 1163 1635 1218 1678; x_wconf 90' lang='lat' dir='ltr'>nec</span> 
     </span>
     <span class='ocr_line' id='line_1_15' title="bbox 222 1712 1217 1790; baseline 0 -22"><span class='ocrx_word' id='word_1_117' title='bbox 222 1712 337 1784; x_wconf 88' lang='lat' dir='ltr'>jambos</span> <span class='ocrx_word' id='word_1_118' title='bbox 357 1713 580 1770; x_wconf 85' lang='lat' dir='ltr'>contumeliosos</span> <span class='ocrx_word' id='word_1_119' title='bbox 600 1729 727 1787; x_wconf 89' lang='lat' dir='ltr'>unquam</span> <span class='ocrx_word' id='word_1_120' title='bbox 746 1714 870 1788; x_wconf 85' lang='lat' dir='ltr'>scriptos</span> <span class='ocrx_word' id='word_1_121' title='bbox 889 1715 979 1771; x_wconf 84' lang='lat' dir='ltr'>fuisse</span> <span class='ocrx_word' id='word_1_122' title='bbox 992 1717 1217 1790; x_wconf 81' lang='lat' dir='ltr'>consentaneum</span> 
     </span>
     <span class='ocr_line' id='line_1_16' title="bbox 148 1801 1217 1882; baseline 0.003 -23"><span class='ocrx_word' id='word_1_123' title='bbox 148 1803 150 1810; x_wconf 83' lang='lat'>&#39;</span> <span class='ocrx_word' id='word_1_124' title='bbox 225 1821 302 1881; x_wconf 87' lang='lat' dir='ltr'>esse,</span> <span class='ocrx_word' id='word_1_125' title='bbox 321 1820 380 1860; x_wconf 92' lang='lat' dir='ltr'>non</span> <span class='ocrx_word' id='word_1_126' title='bbox 398 1805 491 1878; x_wconf 84' lang='lat' dir='ltr'>magis</span> <span class='ocrx_word' id='word_1_127' title='bbox 510 1821 611 1861; x_wconf 85' lang='lat' dir='ltr'>verum</span> <span class='ocrx_word' id='word_1_128' title='bbox 630 1807 684 1882; x_wconf 87' lang='lat' dir='ltr'>est,</span> <span class='ocrx_word' id='word_1_129' title='bbox 705 1821 791 1880; x_wconf 91' lang='lat' dir='ltr'>quam</span> <span class='ocrx_word' id='word_1_130' title='bbox 804 1805 881 1880; x_wconf 90' lang='lat' dir='ltr'>quod</span> <span class='ocrx_word' id='word_1_131' title='bbox 893 1801 1090 1876; x_wconf 78' lang='lat' dir='ltr'>Venderburg.</span> <span class='ocrx_word' id='word_1_132' title='bbox 1111 1805 1217 1878; x_wconf 85' lang='lat' dir='ltr'>aliique</span> 
     </span>
     <span class='ocr_line' id='line_1_17' title="bbox 185 1894 1217 1971; baseline 0.001 -20"><span class='ocrx_word' id='word_1_133' title='bbox 185 1925 188 1928; x_wconf 88' lang='lat'><em>-</em></span> <span class='ocrx_word' id='word_1_134' title='bbox 224 1894 336 1968; x_wconf 87' lang='lat' dir='ltr'>opinati</span> <span class='ocrx_word' id='word_1_135' title='bbox 361 1897 444 1971; x_wconf 85' lang='lat' dir='ltr'>sunt,</span> <span class='ocrx_word' id='word_1_136' title='bbox 476 1895 551 1952; x_wconf 83' lang='lat' dir='ltr'>hano</span> <span class='ocrx_word' id='word_1_137' title='bbox 580 1895 815 1968; x_wconf 77' lang='lat' dir='ltr'>deprecationem</span> <span class='ocrx_word' id='word_1_138' title='bbox 834 1897 871 1952; x_wconf 89' lang='lat' dir='ltr'>ad</span> <span class='ocrx_word' id='word_1_139' title='bbox 898 1896 1093 1968; x_wconf 78' lang='lat' dir='ltr'>Tyndaridem</span> <span class='ocrx_word' id='word_1_140' title='bbox 1121 1896 1217 1952; x_wconf 89' lang='lat' dir='ltr'>datam</span> 
     </span>
     <span class='ocr_line' id='line_1_18' title="bbox 139 1973 1215 2064; baseline 0.002 -24"><span class='ocrx_word' id='word_1_141' title='bbox 139 2003 144 2018; x_wconf 78' lang='lat'>.</span> <span class='ocrx_word' id='word_1_142' title='bbox 224 1973 298 2042; x_wconf 83' lang='lat' dir='ltr'>esse.</span> <span class='ocrx_word' id='word_1_143' title='bbox 329 1978 390 2064; x_wconf 85' lang='lat' dir='ltr'>(lta</span> <span class='ocrx_word' id='word_1_144' title='bbox 409 1985 498 2040; x_wconf 79' lang='lat' dir='ltr'>etiam</span> <span class='ocrx_word' id='word_1_145' title='bbox 517 1985 610 2041; x_wconf 83' lang='lat' dir='ltr'>Schol.</span> <span class='ocrx_word' id='word_1_146' title='bbox 624 1985 763 2058; x_wconf 83' lang='lat' dir='ltr'>Porphyr.</span> <span class='ocrx_word' id='word_1_147' title='bbox 784 1989 814 2042; x_wconf 86' lang='lat' dir='ltr'>¹et</span> <span class='ocrx_word' id='word_1_148' title='bbox 833 1987 929 2056; x_wconf 81' lang='lat' dir='ltr'>glossa</span> <span class='ocrx_word' id='word_1_149' title='bbox 947 1989 978 2043; x_wconf 92' lang='lat' dir='ltr'>in</span> <span class='ocrx_word' id='word_1_150' title='bbox 997 1988 1059 2044; x_wconf 87' lang='lat' dir='ltr'>cod.</span> <span class='ocrx_word' id='word_1_151' title='bbox 1073 2002 1215 2043; x_wconf 87' lang='lat' dir='ltr'>manuscr.</span> 
     </span>
     <span class='ocr_line' id='line_1_19' title="bbox 223 2066 1217 2154; baseline 0.004 -24"><span class='ocrx_word' id='word_1_152' title='bbox 223 2076 242 2130; x_wconf 78' lang='lat'>2</span> <span class='ocrx_word' id='word_1_153' title='bbox 260 2068 431 2154; x_wconf 81' lang='lat' dir='ltr'>vanderb.).</span> <span class='ocrx_word' id='word_1_154' title='bbox 470 2066 545 2130; x_wconf 87' lang='lat' dir='ltr'>Mihi</span> <span class='ocrx_word' id='word_1_155' title='bbox 558 2073 676 2146; x_wconf 85' lang='lat' dir='ltr'>quidem</span> <span class='ocrx_word' id='word_1_156' title='bbox 687 2078 717 2130; x_wconf 88' lang='lat' dir='ltr'>et</span> <span class='ocrx_word' id='word_1_157' title='bbox 735 2093 779 2132; x_wconf 79' lang='lat' dir='ltr'>ve.</span> <span class='ocrx_word' id='word_1_158' title='bbox 792 2077 837 2132; x_wconf 82' lang='lat'>39.</span> <span class='ocrx_word' id='word_1_159' title='bbox 859 2077 1020 2150; x_wconf 77' lang='lat' dir='ltr'>epodi1i.2</span> <span class='ocrx_word' id='word_1_160' title='bbox 1035 2071 1121 2151; x_wconf 54' lang='lat' dir='ltr'>,mne</span> <span class='ocrx_word' id='word_1_161' title='bbox 1133 2093 1217 2134; x_wconf 83' lang='lat' dir='ltr'>men-</span> 
     </span>
     <span class='ocr_line' id='line_1_20' title="bbox 224 2158 1218 2243; baseline 0.003 -20"><span class='ocrx_word' id='word_1_162' title='bbox 224 2169 294 2223; x_wconf 81' lang='lat' dir='ltr'>daci</span> <span class='ocrx_word' id='word_1_163' title='bbox 312 2168 381 2240; x_wconf 80' lang='lat' dir='ltr'>lyra</span> <span class='ocrx_word' id='word_1_164' title='bbox 398 2167 481 2222; x_wconf 62' lang='lat' dir='ltr'>odet</span> <span class='ocrx_word' id='word_1_165' title='bbox 499 2158 627 2222; x_wconf 58' lang='lat' dir='ltr'>sonuit„</span> <span class='ocrx_word' id='word_1_166' title='bbox 647 2168 719 2223; x_wconf 87' lang='lat' dir='ltr'>caet.</span> <span class='ocrx_word' id='word_1_167' title='bbox 740 2169 771 2222; x_wconf 89' lang='lat' dir='ltr'>et</span> <span class='ocrx_word' id='word_1_168' title='bbox 796 2165 927 2236; x_wconf 84' lang='lat' dir='ltr'>ejusdem</span> <span class='ocrx_word' id='word_1_169' title='bbox 955 2185 997 2224; x_wconf 88' lang='lat' dir='ltr'>vs.</span> <span class='ocrx_word' id='word_1_170' title='bbox 1018 2168 1081 2224; x_wconf 47' lang='lat'>21³</span> <span class='ocrx_word' id='word_1_171' title='bbox 1100 2169 1218 2243; x_wconf 57' lang='lat' dir='ltr'>„Rupit</span> 
     </span>
     <span class='ocr_line' id='line_1_21' title="bbox 221 2253 941 2334; baseline 0.003 -21"><span class='ocrx_word' id='word_1_172' title='bbox 221 2253 388 2327; x_wconf 60' lang='lat' dir='ltr'>jucentad‘</span> <span class='ocrx_word' id='word_1_173' title='bbox 402 2257 476 2312; x_wconf 87' lang='lat' dir='ltr'>caet.</span> <span class='ocrx_word' id='word_1_174' title='bbox 497 2255 594 2312; x_wconf 85' lang='lat' dir='ltr'>collati</span> <span class='ocrx_word' id='word_1_175' title='bbox 613 2266 678 2312; x_wconf 85' lang='lat' dir='ltr'>curn</span> <span class='ocrx_word' id='word_1_176' title='bbox 696 2257 744 2314; x_wconf 86' lang='lat' dir='ltr'>od.</span> <span class='ocrx_word' id='word_1_177' title='bbox 766 2257 793 2334; x_wconf 89' lang='lat'>1,</span> <span class='ocrx_word' id='word_1_178' title='bbox 814 2257 859 2315; x_wconf 86' lang='grc'>16.</span> <span class='ocrx_word' id='word_1_179' title='bbox 879 2257 941 2316; x_wconf 72' lang='grc' dir='ltr'><strong>22.ε</strong></span> 
     </span>
     <span class='ocr_line' id='line_1_22' title="bbox 457 2354 900 2423; baseline 0.005 -18"><span class='ocrx_word' id='word_1_180' title='bbox 457 2377 497 2422; x_wconf 54' lang='grc' dir='ltr'>ς·-</span> <span class='ocrx_word' id='word_1_181' title='bbox 513 2377 553 2391; x_wconf 87' lang='grc'><strong>-</strong></span> <span class='ocrx_word' id='word_1_182' title='bbox 570 2358 619 2406; x_wconf 77' lang='lat' dir='ltr'>tite</span> <span class='ocrx_word' id='word_1_183' title='bbox 636 2359 756 2423; x_wconf 64' lang='lat' dir='ltr'>(1260tu</span> <span class='ocrx_word' id='word_1_184' title='bbox 771 2354 900 2422; x_wconf 54' lang='lat' dir='ltr'>petitori&amp;</span> 
     </span>
     <span class='ocr_line' id='line_1_23' title="bbox 421 2435 880 2522; baseline 0.009 -26"><span class='ocrx_word' id='word_1_185' title='bbox 421 2435 588 2513; x_wconf 76' lang='lat' dir='ltr'>Temptoetit</span> <span class='ocrx_word' id='word_1_186' title='bbox 602 2443 637 2497; x_wconf 83' lang='lat' dir='ltr'>in</span> <span class='ocrx_word' id='word_1_187' title='bbox 655 2439 737 2498; x_wconf 79' lang='lat' dir='ltr'>dulci</span> <span class='ocrx_word' id='word_1_188' title='bbox 749 2439 880 2522; x_wconf 71' lang='lat' dir='ltr'>juventa</span> 
     </span>
     <span class='ocr_line' id='line_1_24' title="bbox 569 2530 1047 2593; baseline 0.006 -3"><span class='ocrx_word' id='word_1_189' title='bbox 569 2533 684 2590; x_wconf 67' lang='lat' dir='ltr'>nemer</span> <span class='ocrx_word' id='word_1_190' title='bbox 701 2540 730 2590; x_wconf 85' lang='lat' dir='ltr'>et</span> <span class='ocrx_word' id='word_1_191' title='bbox 746 2536 781 2590; x_wconf 79' lang='lat' dir='ltr'>in</span> <span class='ocrx_word' id='word_1_192' title='bbox 799 2530 912 2592; x_wconf 61' lang='lat' dir='ltr'>odana</span> <span class='ocrx_word' id='word_1_193' title='bbox 928 2533 1047 2593; x_wconf 73' lang='lat' dir='ltr'>temtor</span> 
     </span>
     <span class='ocr_line' id='line_1_25' title="bbox 369 2617 652 2694; baseline 0.011 -16"><span class='ocrx_word' id='word_1_194' title='bbox 369 2621 454 2680; x_wconf 75' lang='lat' dir='ltr'>Misit</span> <span class='ocrx_word' id='word_1_195' title='bbox 466 2617 652 2694; x_wconf 61' lang='lat' dir='ltr'>ficrartemf‘</span> 
     </span>
    </p>

    <p class='ocr_par' dir='ltr' id='par_1_4' title="bbox 221 2709 1262 2880">
     <span class='ocr_line' id='line_1_26' title="bbox 222 2709 1262 2793; baseline 0.006 -25"><span class='ocrx_word' id='word_1_196' title='bbox 222 2711 260 2768; x_wconf 84' lang='lat' dir='ltr'>ad</span> <span class='ocrx_word' id='word_1_197' title='bbox 278 2709 401 2768; x_wconf 82' lang='lat' dir='ltr'>eandem</span> <span class='ocrx_word' id='word_1_198' title='bbox 425 2724 579 2786; x_wconf 80' lang='lat' dir='ltr'>personam</span> <span class='ocrx_word' id='word_1_199' title='bbox 604 2715 762 2792; x_wconf 86' lang='lat' dir='ltr'>eademque</span> <span class='ocrx_word' id='word_1_200' title='bbox 787 2717 884 2775; x_wconf 82' lang='lat' dir='ltr'>aetate</span> <span class='ocrx_word' id='word_1_201' title='bbox 912 2718 984 2777; x_wconf 87' lang='lat' dir='ltr'>haec</span> <span class='ocrx_word' id='word_1_202' title='bbox 1013 2718 1120 2793; x_wconf 83' lang='lat' dir='ltr'>scripta</span> <span class='ocrx_word' id='word_1_203' title='bbox 1149 2733 1215 2775; x_wconf 82' lang='lat' dir='ltr'>esse</span> <span class='ocrx_word' id='word_1_204' title='bbox 1257 2771 1262 2785; x_wconf 76' lang='grc'><em>,</em></span> 
     </span>
     <span class='ocr_line' id='line_1_27' title="bbox 221 2802 658 2880; baseline 0.011 -20"><span class='ocrx_word' id='word_1_205' title='bbox 221 2802 390 2874; x_wconf 77' lang='lat' dir='ltr'>argumento</span> <span class='ocrx_word' id='word_1_206' title='bbox 409 2807 477 2862; x_wconf 86' lang='lat' dir='ltr'>sunt</span> <span class='ocrx_word' id='word_1_207' title='bbox 494 2806 658 2880; x_wconf 84' lang='lat' dir='ltr'>perspicuo.</span> 
     </span>
    </p>
   </div>
   <div class='ocr_carea' id='block_1_4' title="bbox 616 3111 813 3131">
    <p class='ocr_par' dir='ltr' id='par_1_5' title="bbox 616 3111 813 3131">
     <span class='ocr_line' id='line_1_28' title="bbox 616 3111 813 3131; baseline 0.005 -1"><span class='ocrx_word' id='word_1_208' title='bbox 616 3111 813 3131; x_wconf 76' lang='lat' dir='ltr'>—-&#39;-——t</span> 
     </span>
    </p>
   </div>
   <div class='ocr_carea' id='block_1_5' title="bbox 0 0 1384 4544">
    <p class='ocr_par' dir='ltr' id='par_1_6' title="bbox 0 0 1384 4544">
     <span class='ocr_line' id='line_1_29' title="bbox 0 0 1384 4544; baseline 0 3"><span class='ocrx_word' id='word_1_209' title='bbox 0 0 1384 4544; x_wconf 95' lang='lat' dir='ltr'> </span> 
     </span>
    </p>
   </div>
  </div>
 </body>
</html>
