2782 4558
567 239 1225 377 mex.fx,

227 468 254 533 i.'
268 491 294 532 e.
314 489 390 532 anno
409 471 473 530 738.
493 472 652 546 etquidem
670 477 737 549 post
749 473 973 550 celebrationem
990 473 1126 534 ludorum
1137 477 1219 536 Acti·

158 603 160 606 ι
227 562 414 642 acorum,'b.
441 579 466 620 e.
491 567 559 637 post
585 563 612 622 d.
637 565 685 623 lV.
722 565 799 624 Non.
825 560 1071 648 Sept(Di054,
1098 568 1143 628 19.
1168 571 1216 628 fin.
1310 561 1323 573 “

226 658 355 726 Messon.
374 654 443 713 Jani
460 655 558 729 templ.
577 659 698 713 reserat.
718 673 746 730 p.
766 652 864 738 lla),
890 661 987 716 coorta
1006 660 1124 742 qqidem
1141 660 1219 719 bella
1304 669 1309 676 '

226 750 294 807 huic
313 745 483 822 profectioni
496 746 698 824 praetendens,
717 765 820 806 revera
829 742 942 826 tamen,
962 750 1068 808 sifides
1084 751 1219 809 habenda

225 841 316 904 Dioni
335 837 437 897 Cassio
453 832 476 894 l.'
497 837 533 914 L,
557 837 637 911 quod
662 843 782 914 propter
806 839 972 897 diuturnam
996 837 1026 898 et
1047 846 1219 916 perpetuam
1327 838 1335 850 ⁵

226 930 421 1008 praesentiam
439 928 590 1003 pennultis
609 947 641 987 se
659 932 814 990 molestum
831 932 1014 1006 invisumque
1026 935 1134 990 lactum
1152 951 1218 991 esse

225 1022 316 1100 probe
335 1021 517 1092 intelligeret
553 1022 683 1079 Fuerunt
706 1021 795 1080 etiam
819 1022 869 1097 qui
894 1027 1049 1099 propterea
1066 1042 1133 1082 eum
1151 1023 1219 1082 reli·

226 1115 325 1191 quisse
344 1113 446 1170 urbem
465 1112 696 1190 suspicarentur,
715 1116 748 1169 ut
768 1130 803 1170 eo
821 1114 941 1171 liberius
954 1115 1108 1174 Terentiae
1127 1115 1220 1172 amori

226 1208 327 1281 posset
344 1204 512 1281 indulgere,
538 1203 575 1261 de
601 1221 658 1279 qua
681 1221 714 1262 re
739 1205 823 1261 multi
846 1205 956 1262 Romae
975 1223 1104 1264 rumores
1124 1205 1219 1280 sparsi

226 1301 318 1354 erant.
355 1295 493 1354 Poterant
512 1311 581 1352 sano
601 1297 670 1352 talia
689 1281 858 1369 permovere
877 1293 1055 1374 Argiletum,
1074 1299 1107 1354 ut
1125 1298 1218 1356 Roma

225 1388 376 1464 abiret-
393 1403 461 1442 nam
479 1387 545 1443 fieta
564 1401 599 1444 ea
624 1403 689 1443 esse
714 1391 745 1444 et
768 1389 841 1446 salsa
859 1389 963 1468 injuria
982 1389 1146 1447 dixeris-
1165 1387 1218 1446 sed

225 1479 478 1554 primariatamen
496 1477 610 1534 itineris
630 1496 733 1536 caussa
751 1479 830 1538 haud
848 1480 935 1538 dubie
955 1497 990 1537 ea
1008 1483 1087 1558 erat,
1105 1482 1139 1536 ut
1157 1482 1219 1538 tur·

176 1599 178 1608 ¹
220 1571 358 1630 bulentos
377 1568 620 1642 transalpinarum
638 1572 767 1642 gentium
785 1575 879 1629 motus
899 1573 1055 1630 coerceret.
1091 1573 1167 1630 Nam
1184 1567 1230 1627 ut*

224 1661 309 1720 multi
334 1661 452 1718 omnino
480 1677 516 1717 eo
540 1663 680 1734 temporis
709 1666 805 1721 tractu
833 1667 934 1722 contra
961 1651 1107 1722 Romanos
1137 1678 1218 1720 arma

167 1817 169 1821 ³
226 1756 408 1828 sumpserant
432 1749 506 1832 (Dio
531 1753 583 1829 54,
609 1747 688 1832 20.):
703 1755 756 1819 ,ita
779 1755 936 1818 maximum
961 1759 991 1812 et
1016 1754 1217 1826 gravissimum

224 1846 333 1904 bellum
357 1845 497 1902 adversus
522 1845 682 1902 Germanos
707 1846 867 1916 gerendum
891 1850 962 1904 erat.
1006 1846 1097 1920 quue
1120 1846 1217 1920 ipsam

224 1937 282 1996 Dio
302 1955 333 1994 se
353 1936 498 2007 corrigens
517 1935 549 1992 in
574 1952 677 1992 caussa
700 1936 790 1994 fuisse
816 1937 902 2015 dicit,
927 1937 1127 2010 ut'Augustns
1145 1936 1217 1994 urbe

225 2028 339 2086 abierit.
375 2029 536 2104 Sygambri
560 2028 639 2086 enim
671 2027 813 2102 Usipetes·
836 2032 867 2086 et
886 2029 1041 2088 mebteri
1064 2046 1130 2087 cum
1155 2027 1217 2098 jam

148 2151 164 2172 s
224 2123 311 2177 antea
335 2119 479 2176 Romanos
505 2119 646 2192 quosdam
670 2119 731 2176 suis
756 2119 788 2178 in
805 2120 909 2176 linibus
930 2120 1125 2194 deprehensos
1138 2117 1217 2175 cruci

224 2211 400 2287 affixissent,
426 2213 488 2267 tum
512 2211 646 2268 Rhenum
670 2211 844 2282 transgressi
869 2211 992 2268 Galliam
1020 2210 1215 2284 devastarant,

224 2303 385 2376 equitatum
403 2301 564 2358 Romanum
582 2305 683 2359 contra
702 2320 733 2358 sc
752 2302 872 2362 missum
884 2318 938 2375 per
955 2301 1078 2360 insidias
1096 2301 1217 2358 obcum-

224 2395 365 2451 venerant
376 2396 407 2449 et
420 2410 437 2448 a
449 2393 626 2464 fugientibus
646 2410 737 2467 usque
749 2394 788 2451 ad
799 2395 923 2451 Lollium
935 2395 1114 2470 praelectum
1132 2380 1217 2466 prae·

132 2477 136 2490 '
223 2488 270 2542 ter
287 2483 454 2558 opinionem
472 2485 557 2540 tracti
577 2485 654 2542 hunc
667 2500 781 2558 quoque
793 2487 933 2543 vicerant
953 2486 1034 2553 Quas
1044 2483 1137 2558 turpis
1149 2483 1217 2540 Lol·

222 2576 256 2634 lii
274 2575 386 2652 clades,
407 2591 465 2650 qua
483 2575 601 2649 quintae
619 2577 740 2649 legionis
766 2577 863 2650 aquila
887 2579 994 2635 amissa
1018 2579 1064 2634 est
1082 2571 1140 2657 (ci
1157 2573 1217 2632 Dio

65 2625 69 2637 ’
95 2641 102 2658 “’
223 2668 270 2745 54,
290 2668 336 2724 ro.
355 2666 427 2726 vsu.
447 2667 475 2744 2,
494 2668 541 2724 aa.
560 2668 628 2724 rac.
647 2669 724 2725 Anu.
745 2667 773 2744 1,
793 2662 872 2748 lo),
897 2668 1012 2726 etiamsi
1036 2666 1154 2740 mapsa
1172 2665 1219 2722 rn-

223 2759 328 2816 lamiae
348 2774 434 2832 quam
453 2757 619 2815 detrimenti
638 2762 733 2836 esset,
752 2761 786 2816 ut
804 2759 846 2816 ait
865 2760 982 2817 Sueten.
1002 2759 1066 2818 Oct.
1085 2757 1141 2834 23,
1162 2755 1218 2828 im·

222 2850 298 2924 lmlit
316 2853 414 2907 lamen
432 2850 610 2927 Augustum,
629 2853 663 2916 ut
680 2850 753 2908 istos
778 2851 912 2925 populos.
927 2851 1066 2909 citissime
1084 2850 1147 2922 ipse
1166 2863 1216 2918 ag·
1235 2859 1258 2931 J

101 3000 104 3008 ,
223 2941 399 3010 graderetur.
437 2940 539 3014 Neque
558 2944 656 2998 tamen
674 2959 748 3017 opus
774 2945 837 2999 erat
856 2957 963 3016 pugna.
1001 2941 1076 2998 Nam
1100 2935 1216 2995 barbari

222 3033 257 3086 ut
274 3031 399 3100 Lollium
417 3048 498 3088 arma
515 3033 618 3106 parare
637 3036 672 3089 et.
691 3034 854 3105 Augustum
879 3049 944 3089 cum
963 3020 1092 3088 enercitu
1110 3043 1217 3103 appro-
1256 3106 1261 3111 ·

223 3123 365 3196 pinquare
391 3127 603 3200 cognoverunt,
628 3107 792 3182 interram
817 3140 899 3181 suam
917 3121 1093 3182 recedebant
1112 3123 1141 3178 et
1159 3119 1217 3178 ob-

224 3213 335 3271 sidibus
355 3207 431 3272 datis
449 3231 551 3290 pacem
574 3215 803 3288 paciscebantur.
840 3215 922 3274 Haec
939 3213 1038 3272 omnia
1055 3215 1131 3270 lacta
1150 3203 1219 3269 sunt

201 3306 278 3390 ,sub
295 3306 383 3364 linem
408 3307 477 3364 anni
501 3306 565 3366 738.
593 3307 857 3378 'NamAugustus
887 3306 1006 3379 reliquis
1036 3305 1124 3362 rebus
1148 3317 1216 3359 con·

223 3385 379 3457 stituendis
397 3397 527 3456 intentus
543 3397 716 3458 eretrcmom
734 3402 810 3456 aaut
829 3390 915 3457 738.
927 3399 1045 3470 portem
1070 3397 1100 3450 et
1118 3391 1216 3465 proxi·

222 3503 302 3545 mum
320 3491 515 3567 consumpsit,
535 3507 600 3548 cum
619 3492 649 3547 et
667 3507 686 3546 a
699 3477 850 3546 Germanis
869 3491 900 3544 et
912 3503 930 3542 a
941 3484 1083 3572 Licinnio,
1104 3481 1216 3539 Galliae

210 3571 427 3656 procuratore,
444 3582 537 3638 multa
554 3581 707 3638 commissa
725 3582 850 3655 essent,
863 3578 999 3634 narrante
1017 3574 1113 3643 Dione
1133 3573 1215 3632 Cass.

223 3671 271 3746 54,
290 3671 336 3728 21.
369 3671 556 3744 ,Quamquam
573 3671 663 3742 igitur
680 3686 739 3745 pax
757 3685 822 3726 cum
841 3666 994 3726 Germanis
1011 3682 1039 3750 ,a
1058 3664 1217 3724 liblacis

223 3775 284 3817 non
300 3761 333 3820 id
351 3761 496 3818 effecissse
516 3761 647 3840 videtur,
666 3765 698 3820 ut
717 3767 817 3820 omnes
835 3758 932 3817 ubivis
944 3761 1040 3817 motus
1058 3753 1217 3830 compressi

221 3851 332 3918 luerint
350 3853 501 3912 continuo:
519 3853 645 3914 reditum
662 3857 761 3913 tamen
779 3850 903 3926 Augusti
921 3849 1072 3928 probabile
1090 3850 1135 3908 est
1154 3844 1216 3920 jam
1306 3895 1310 3910 .
