2758 4544
592 277 797 343 affl..

201 446 327 504 Omnino
349 445 476 522 „jocum
497 445 658 520 Veserm,
677 443 829 518 corniola,
849 431 976 525 ΜΨ)
995 437 1094 518 (epist.
1113 442 1143 519 2,
1162 443 1189 500 2.

200 539 253 594 56..
267 539 302 594 ci.
322 531 405 615 214.)
431 537 488 593 sibi
507 529 621 592 Musein
647 535 762 592 dedisse
780 533 884 590 idibus
902 534 1050 591 celebrans
1067 534 1191 611 Latinis,

115 627 118 635 “
198 631 248 686 rel
266 632 299 685 nt
317 629 387 686 alibi
406 627 450 684 ait
467 621 569 708 (epist.
590 626 627 684 ad
645 623 704 684 Pis.
724 619 787 720 ⁸⁵5)
810 627 875 696 „lte
883 624 1035 696 juvenum
1053 639 1146 684 toras
1164 632 1194 700 et

199 721 398 780 liberavisse
423 717 579 794 referre,”
602 734 662 776 non
686 718 776 775 semel
801 715 928 774 ostendit
947 716 1081 775 dilucide.
1119 717 1190 775 Inde

199 813 245 868 est
264 811 343 886 quod
362 810 480 885 scripsit
497 811 545 868 od.
564 811 640 887 2,1.
660 810 721 868 37.:

349 903 408 960 Sed
426 918 463 958 ne
482 905 608 979 relictis,
626 895 713 958 Musa
731 915 850 976 procax,
863 898 945 973 Joels

349 995 425 1052 Ceae
444 997 584 1051 retractes
602 1009 723 1050 munera
740 992 881 1068 Naeuiae,

391 1085 514 1163 ‘Mecum
532 1088 672 1144 Dionaeo
692 1084 745 1141 snb
766 1091 855 1142 antro

435 1178 549 1244 Quaere
567 1175 669 1234 modos
686 1175 795 1234 leviore
815 1177 934 1250 plectro.
1043 1237 1045 1244 ,

196 1271 230 1325 et
246 1268 380 1326 similitor
397 1267 444 1326 od.
464 1269 493 1345 3,
513 1269 540 1325 3.
560 1268 598 1324 oo
617 1282 676 1342 sq.=

346 1361 414 1418 Non
432 1361 504 1418 haec
517 1359 647 1432 jocosae
663 1358 840 1417 conveniunt
858 1359 961 1434 lyrae:

346 1453 411 1518 Quo
431 1451 517 1509 Musa
535 1446 653 1508 tendisl
690 1450 800 1509 Desine
820 1449 958 1524 pervicax
987 1465 989 1474 ·

395 1543 515 1599 Referre
535 1537 683 1599 sermones
701 1544 831 1599 Deorum
850 1543 881 1597 et

432 1634 540 1704 Magna
557 1633 651 1690 modis
670 1634 790 1688 tenuare
808 1630 916 1704 parvis.

195 1727 267 1784 Iuda
288 1724 430 1797 estquod
449 1727 554 1782 molles
570 1723 700 1780 citharae
720 1739 790 1778 snae
809 1719 911 1777 modos
930 1722 1016 1777 vocat
1034 1719 1081 1778 od.
1101 1719 1189 1798 2,1n.

197 1819 227 1874 3.
246 1819 277 1873 et
300 1819 467 1892 ‚bmnium
496 1815 602 1887 Grajac
630 1821 751 1872 tamem
780 1810 943 1870 Camenam
971 1827 990 1866 a
1013 1811 1104 1869 Parca
1130 1825 1191 1870 non

197 1907 332 1964 mendaci
361 1908 417 1965 sibi
448 1907 547 1964 datum
575 1905 646 1962 dicit
669 1903 721 1973 nod.
746 1903 765 1960 2
769 1946 781 1975 ,
801 1903 846 1961 16.
872 1901 918 1959 38.
955 1901 1028 1959 Inde
1048 1903 1191 1977 estquod

196 2003 271 2058 lusit
287 1998 402 2056 barbito
421 1993 489 2080 (odi
507 1999 534 2075 l,
548 1997 593 2054 32.
606 1992 662 2076 2.),
680 1997 821 2054 laborem
839 1997 921 2053 dubl
939 1994 1083 2054 lesineice
1101 1989 1189 2076 (ibid

196 2103 224 2148 v.
246 2084 318 2171 15.).
343 2090 415 2147 Inde
434 2093 480 2146 est
499 2089 577 2164 quod
595 2089 632 2146 ab
651 2088 717 2162 ipso
735 2087 853 2145 Phoebo
866 2085 1001 2160 Apolline
1021 2100 1053 2143 sc
1072 2090 1190 2144 tenuem

196 2186 313 2254 poetam
331 2185 468 2256 tanquam
487 2199 505 2238 a
523 2180 679 2239 temerario
697 2194 770 2236 ausu
789 2197 808 2238 a
826 2177 1001 2236 sublimioris
1027 2180 1189 2250 argumenti

196 2273 369 2330 carminibus
389 2273 550 2348 pangendis
569 2275 736 2330 revocatum
755 2287 820 2329 asse
839 2271 921 2342 tingit
938 2271 986 2328 od.
1005 2269 1035 2349 4,
1056 2271 1116 2331 lue

342 2365 477 2423 Phoebus
496 2364 641 2421 volentem
659 2363 771 2438 proelia
786 2377 835 2418 rue
853 2362 934 2436 loqui

343 2457 442 2514 victas
461 2457 492 2518 et
509 2455 613 2531 urbes,
632 2453 792 2529 increpuit,
811 2453 884 2530 lyra,

319 2617 321 2621 Ι
392 2547 438 2604 Ne
457 2561 548 2619 parva
566 2544 748 2615 Tyrrhenum
766 2559 820 2618 per
838 2557 948 2618 sequor

430 2635 502 2693 Vela
522 2635 629 2692 darem.
648 2657 688 2680 ⁶·-

157 2723 164 2736 “
196 2723 274 2794 Quid
291 2722 389 2782 verbis
409 2741 482 2798 opus
501 2721 566 2780 estl
604 2726 786 2798 Quamquam
802 2726 947 2799 permulta
963 2728 1188 2805 suntpoemata,

195 2817 349 2900 inquibus
375 2816 412 2873 ad
437 2815 570 2887 graviora
598 2818 628 2871 et
657 2816 803 2872 severiora
831 2821 1001 2888 argumenta
1029 2818 1189 2876 assurrexit
1215 2839 1217 2858 τ

195 2913 298 2984 poeta,
327 2908 405 2965 haud
434 2907 494 2964 scio
522 2909 621 2964 tamen
640 2921 679 2962 an
696 2906 744 2963 vel
763 2922 801 2963 ex
820 2907 936 2966 diverso
955 2909 1050 2983 pretio
1069 2911 1188 2983 propria

194 3000 370 3056 Horatianus
389 2999 489 3073 poesis
506 2998 618 3056 indoles
644 2998 779 3068 cognosci
805 3000 1011 3074 aestimarique
1037 3003 1068 3058 et
1092 3002 1188 3075 possit

196 3094 225 3148 et
244 3090 357 3150 debeat
394 3093 470 3150 Nam
489 3089 644 3161 uttrigida
662 3091 753 3148 multa
778 3093 846 3148 sunt
870 3095 901 3149 ct
919 3089 1073 3150 artificiose
1098 3109 1186 3167 qaae-

191 3183 251 3238 sila
275 3183 307 3238 in
331 3177 367 3240 iis
393 3181 585 3256 carminibus,
614 3196 689 3254 qnae
717 3186 832 3239 extorta
858 3185 951 3255 magis
980 3199 1067 3259 quam
1094 3183 1188 3242 libera

194 3278 297 3346 poetae
317 3274 464 3330 voluntate
485 3276 515 3330 et
534 3273 653 3345 proprio
677 3273 788 3346 impetu
813 3278 878 3331 orta
903 3279 986 3332 sunl:
1011 3277 1054 3332 ita
1078 3289 1137 3330 nna
1155 3279 1187 3331 et

195 3367 379 3421 consentiens
398 3365 469 3422 artis
489 3365 707 3422 aestimatorum
725 3381 784 3422 vox
802 3369 857 3442 cst,
877 3365 1107 3440 perfectissimis,
1127 3366 1185 3424 ele·

194 3457 387 3533 gantissimis,
412 3455 625 3516 venustissimis
644 3457 860 3514 mulnerands
879 3473 944 3514 esse
962 3457 1090 3514 carmina
1108 3457 1185 3515 lusoa

193 3546 238 3602 ria
256 3550 286 3604 et
304 3549 453 3606 amatoria.
488 3547 682 3606 Necmirnm.
720 3549 974 3607 renunciasse
998 3551 1114 3624 tamque
1132 3561 1185 3606 na·

195 3636 255 3692 tiva
278 3639 431 3696 verborum
462 3628 492 3696 et
522 3640 615 3697 omnis
640 3639 857 3714 compositionis
888 3640 1072 3717 simplicitas,
1102 3643 1185 3710 tanta

191 3742 376 3790 numerorum
394 3717 539 3808 maritas,
558 3735 675 3806 lamque
694 3732 852 3790 concinnus
871 3729 943 3790 ordo
963 3723 1181 3809 sententiarum,
1212 3735 1214 3740 '
