2790 4566
618 1197 730 1317 Cup.
762 1187 850 1290 VI.
864 1304 880 1320 .,

212 1418 215 1424 ·
240 1391 276 1440 De
293 1391 439 1454 temporibus
456 1391 620 1454 quibuslibet
637 1394 793 1466 epistolarum
809 1395 853 1452 11.,
867 1391 974 1458 ‚epistota
990 1390 1023 1439 ad
1038 1389 1151 1449 Pisones,
1167 1389 1229 1439 iiber

318 1475 447 1524 carminum
464 1474 505 1524 lV.
523 1479 548 1523 et
565 1489 659 1525 samen
677 1477 802 1535 saeculare
819 1476 910 1540 scripta
926 1479 951 1524 ot
968 1474 1034 1523 edita
1049 1473 1144 1522 fuerint.

642 1638 834 1664 -r-b--r—

706 1687 709 1700 ι

159 1866 166 1876 ,
238 1757 430 1866 Pervelgaao
459 1794 646 1869 epistolarum
673 1796 772 1854 libello
790 1798 930 1857 Horatius
955 1798 1086 1856 alterum
1104 1794 1227 1872 addidit,

181 1907 183 1916 ·
238 1887 270 1945 in
289 1887 411 1960 gratiam
435 1886 577 1964 Augusti,
603 1887 653 1961 qui
679 1891 767 1964 „post
792 1905 939 1946 sermones
964 1887 1104 1962 quosdam
1127 1888 1227 1962 leutos,

238 1981 272 2058 ut
290 1979 332 2035 ait
349 1979 469 2036 δαείω.
489 1977 539 2034 vit.
560 1974 588 2056 ξ.
610 1978 672 2055 12.,
697 1979 805 2036 nullam
830 1979 876 2036 sui
900 1979 1076 2036 mentionem
1101 1979 1228 2036 habitam

238 2070 282 2127 ita
300 2071 418 2144 questus
437 2071 497 2125 est:
527 2068 638 2146 „Irasci
655 2085 702 2126 me
721 2069 776 2127 tibi
796 2070 879 2145 seito,
908 2069 986 2142 quod
1004 2085 1063 2126 non
1081 2070 1113 2126 iu
1124 2069 1227 2142 pleris-

237 2176 294 2234 que
314 2155 454 2230 ejusmodi
474 2159 588 2235 seriptis
607 2177 720 2219 meeum
738 2160 921 2236 potissimum
937 2159 1074 2234 loquaris.
1111 2160 1158 2216 An
1177 2177 1226 2218 ve-

237 2251 311 2310 reris
330 2267 367 2308 ne
387 2251 464 2326 apud
482 2253 615 2326 posteros
635 2252 740 2324 infame
759 2251 814 2309 tibi
833 2253 883 2330 sit,
901 2250 981 2326 quod
999 2246 1125 2308 videaris
1144 2241 1230 2308 rami-¹

237 2342 318 2400 liaris
346 2342 431 2401 nobis
455 2339 564 2400 essei“
603 2343 805 2418 expressitque
832 2344 979 2420 eclogam,
1005 2341 1087 2414 eujus
1111 2341 1227 2401 initium

237 2435 297 2490 est:
320 2435 395 2493 (ium
412 2441 455 2494 tot
470 2438 622 2494 sustineas
640 2433 735 2494 eaet.“
764 2435 846 2492 Idem
864 2435 987 2492 affirmat
1005 2433 1098 2493 Sehol.
1117 2434 1225 2506 Poma

238 2525 286 2582 aei
295 2525 383 2601 epist*
402 2527 429 2603 l,
448 2527 510 2584 20.:
531 2528 627 2605 „Saue
647 2544 685 2584 ex
703 2527 749 2584 his
769 2525 900 2584 versibus
919 2530 950 2584 et
968 2525 1000 2582 in
1018 2524 1161 2599 principio
1180 2542 1225 2590 sor
1263 2531 1266 2543 '

237 2617 351 2690 quentis
369 2616 437 2676 libri
455 2621 586 2696 apparet,
606 2619 757 2676 Horatium
775 2617 831 2676 hoe
849 2618 983 2676 volumen
1001 2615 1085 2691 quasi
1103 2615 1226 2673 novissi·

236 2724 315 2776 muru
339 2708 437 2766 totius,
453 2709 550 2784 operis
575 2709 728 2788 habuisse3
759 2727 826 2767 nam
854 2709 1012 2768 seeundum
1040 2708 1225 2783 epistolarum

237 2802 352 2858 coaetus
371 2797 507 2872 adjecit.“
533 2803 563 2864 et
582 2800 620 2858 ad
638 2801 722 2876 epist.
741 2801 777 2878 ¹2,
798 2803 824 2859 1.
845 2802 888 2860 l.:
926 2803 1078 2878 „Apparet
1097 2800 1172 2857 hune
1190 2799 1224 2856 li·
1313 2820 1322 2834 ·

236 2892 336 2968 brom,
362 2895 395 2949 ut
421 2909 508 2966 supra
535 2892 676 2969 diximus,
702 2892 819 2950 hortatu
839 2893 971 2950 Caesaris
991 2891 1129 2963 seriptum
1148 2905 1223 2964 esse,

236 2982 317 3054 eujus
335 2983 379 3039 rei
399 2983 486 3058 etiam
505 2985 620 3041 Sueten.
641 2985 813 3041 auctorest
832 2973 1004 3055 Nam'apud
1023 2997 1090 3038 eum
1102 2979 1223 3054 epistola
1281 3053 1284 3060 Ι
1381 3029 1382 3038 ,

235 3073 382 3131 invenitur
400 3074 524 3146 Augusti
549 3060 725 3148 increpantis
749 3073 917 3148 Horatium,
942 3071 1020 3145 quod
1044 3087 1102 3128 uon
1128 3071 1166 3129 ad
1190 3089 1221 3128 se

236 3180 350 3238 quoque
368 3165 490 3238 plurima
509 3162 647 3222 scribat.“
676 3164 786 3222 Seunus
806 3163 893 3236 igitur
911 3165 1102 3238 posteriorem
1118 3153 1234 3220 librum·
1332 3227 1334 3232 .
1381 3135 1382 3192 ἷ

235 3259 304 3330 post
322 3273 348 3314 a
368 3257 440 3323 734.
453 3259 591 3332 seriptum
619 3259 649 3314 et
667 3255 787 3313 editum
806 3273 880 3313 esse.
918 3256 1073 3313 Praeterea
1089 3255 1132 3312 nil
1150 3255 1222 3334 eerti

236 3346 273 3406 de
291 3348 354 3420 ejus
372 3350 549 3424 temporibus
568 3348 714 3422 cognitum
733 3349 968 3426 exploratumque
980 3347 1136 3422 habemus,
1155 3361 1223 3402 num

237 3439 352 3522 utrique
370 3441 510 3514 epistolae
529 3443 609 3498 serta
627 3440 735 3498 iradieie
754 3440 866 3496 desunt.
898 3439 932 3495 ld
951 3441 1063 3494 tautum
1080 3439 1158 3494 reete
1178 3435 1221 3494 di-

142 3555 144 3564 *
236 3529 324 3604 xoris,
343 3531 495 3603 epistolam
514 3531 542 3606 2,
563 3530 588 3587 1.
610 3531 745 3604 seriptum
763 3547 828 3585 esse
847 3530 913 3602 post
931 3543 1045 3586 earmeu
1064 3526 1221 3604 saeculare,

236 3615 345 3695 quippe
364 3620 441 3694 quud
459 3621 613 3694 respicitur
630 3621 661 3686 in
681 3637 722 3676 vs.
745 3607 859 3692 130'sq.
899 3616 955 3675 Adi
980 3617 1031 3689 qui
1054 3617 1108 3676 hau
1133 3617 1220 3675 dere

238 3711 506 3770 disseruerunt'l'h.
527 3709 650 3768 Schmid.
677 3710 707 3766 in
734 3709 802 3766 edit.
829 3709 914 3784 epist.
940 3709 996 3766 voi.
1022 3709 1058 3766 11.
1083 3726 1112 3784 p.
1138 3709 1164 3766 7.
1190 3713 1221 3766 et

237 3821 264 3878 p.
287 3804 367 3877 159.‚·
390 3802 546 3862 Weiohert.
567 3800 602 3859 de
622 3803 687 3861 Ver.
709 3805 739 3871 et
758 3801 837 3861 Cass.
858 3819 885 3877 p.
907 3801 1081 3880 165-1673
1100 3801 1217 3876 interpr.

246 3919 250 3926 ι
