2790 4566
527 248 778 348 ‘-'1o1-·-
858 321 872 354 .

176 437 234 503 alia'
252 445 354 506 habet:
376 431 454 522 ’,βο
471 443 552 502 kann
570 445 645 503 auch
670 446 720 503 die
743 450 961 522 gegenwartige·
980 459 1168 528 rependente

176 537 269 595 Satine
288 537 446 596 nicht'vor
474 536 541 594 dem
564 537 653 596 Jahre
678 537 750 613 717,
780 537 851 597 aber
879 541 953 598 auch
981 541 1063 601 nicht
1089 545 1167 602 wohl

132 667 154 679 ..
176 631 274 721 spater
292 630 453 700 aulgesetzt
472 627 544 684 sein.
582 628 656 685 Sohr
673 629 915 689 wahrscheinlich
930 629 1023 708 folptc
1039 637 1085 694 stc
1102 652 1167 694 on-

174 721 323 779 mtuedar
340 721 394 777 aul
408 719 460 776 das
479 719 689 778 brundusische
708 719 939 798 ReisejournalJ
958 755 996 770 ·-·
1015 725 1167 784 Caeterum

173 810 212 869 de
230 811 317 869 Tillio
343 805 388 892 (v.
407 811 454 868 24.
481 813 513 867 et
538 807 619 894 106.)
648 812 683 869 cl.
712 811 825 870 Wcich.
856 813 892 870 de
917 815 951 872 V.
978 817 1008 870 et
1031 817 1110 874 (lass.
1136 834 1165 892 p.

173 901 231 960 330
251 919 294 978 sq.

245 1083 544 1146 *sartum
576 1087 764 1164 „Proscripti
781 1087 885 1166 reqtf‘
905 1089 955 1148 diu
982 1095 1029 1149 est
1054 1106 1168 1166 exque
1210 1086 1214 1099 “

81 1242 85 1252 ,
167 1173 227 1237 ’νον
245 1194 359 1236 sacrum
376 1181 481 1255 poetae
500 1179 633 1238 habetur.
671 1180 836 1258 Redditus,
855 1182 1013 1259 Decerius,
1033 1183 1168 1241 Valartus

172 1271 280 1344 aliique
305 1287 370 1328 eam
394 1286 471 1328 anno
495 1287 523 1327 u.
550 1270 884 1350 c.'112.assignarunt,'
908 1273 1036 1330 Masson.
1065 1273 1117 1330 vit.
1137 1285 1166 1348 p.

174 1362 304 1420 47-50.
326 1365 356 1419 et
374 1377 441 1437 pag.
460 1362 507 1420 69.
527 1379 560 1434 a..
574 1363 657 1441 tle,
684 1363 731 1421 cui
750 1366 872 1438 praeter'
890 1364 1090 1422 Heindorfium
1114 1365 1167 1422 ali-

173 1457 282 1528 quanto
300 1454 460 1510 cautiorem
479 1449 522 1532 (p.
543 1447 626 1534 lot.)
646 1455 860 1529 adstipulantur
877 1455 988 1532 omnes,
1008 1455 1098 1512 etiam
1116 1471 1167 1512 au·

173 1545 281 1603 tistites
306 1544 485 1603 Horatianae
499 1543 696 1622 χρονολογίας
721 1549 751 1602 et
775 1546 974 1616 antesignani,
1007 1545 1167 1603 weichert.

173 1635 210 1693 de
228 1638 296 1695 Var.
317 1639 347 1697 et
367 1637 447 1694 Cass.
467 1651 496 1709 p.
517 1634 562 1691 to.
582 1637 660 1708 poet.
680 1635 731 1693 rel.
751 1653 781 1710 p.
794 1637 858 1692 300.
873 1635 949 1712 453„
967 1637 1086 1692 Passov.
1105 1639 1166 1691 not.

173 1727 237 1785 166.
258 1745 287 1801 p.
307 1727 396 1803 ext,
415 1723 586 1790 Grotelend.
605 1741 672 1799 pag.
693 1726 796 1784 stab.
818 1729 848 1783 et
866 1727 984 1787 Kirchn.
1004 1728 1117 1800 quaest.
1137 1743 1166 1800 p.
1224 1751 1225 1754 ¹
1245 1765 1255 1790 ,

172 1819 219 1876 16.
239 1815 268 1896 §.
288 1817 334 1874 34.
353 1849 392 1862 -
411 1816 454 1872 ita
477 1817 510 1872 ut
528 1815 672 1872 unanimis
697 1817 770 1875 haec
787 1819 839 1885 ,tot
863 1819 1066 1890 tantorumque
1090 1816 1168 1872 viro-

170 1925 238 1966 rum
255 1923 315 1966 vox
333 1911 364 1964 et
383 1922 541 1965 consensus
559 1922 695 1978 magnum
719 1925 816 1966 verae
832 1907 1056 1982 computationis
1078 1905 1168 1964 docu-

171 2003 302 2058 mentum
320 1999 455 2056 videatur
479 2013 553 2056 esse.
592 1999 633 2056 At
650 2013 723 2056 vero
747 2003 870 2057 autres
896 1998 1097 2074 apertissimae
1121 2013 1168 2054 me

171 2091 284 2169 fallunt,
304 2093 355 2149 aut
373 2089 460 2147 nimis
479 2090 522 2148 illi
542 2089 652 2150 creduli
670 2091 803 2149 Messeni
822 2091 1017 2164 conjecturam
1037 2105 1168 2164 compro·

171 2183 286 2242 barunt.
324 2181 452 2240 Primum
470 2182 610 2256 temporis
629 2182 804 2246 adminicula
827 2183 915 2258 plane
941 2182 1056 2260 desunt
1093 2167 1169 2240 Nain

173 2275 251 2349 quod
269 2289 344 2348 quae
371 2273 574 2332 describuntur
595 2274 690 2332 Persii
700 2277 739 2332 et
757 2273 867 2348 Rupilii
891 2275 979 2346 Regis
1003 2275 1071 2332 lites
1089 2273 1122 2328 in
1140 2289 1167 2330 a.

172 2367 237 2424 711.
257 2361 304 2423 rel
323 2363 388 2421 712.
407 2365 554 2441 incidunt,
572 2364 605 2420 id
616 2379 800 2440 nequaqnam
824 2365 930 2440 probat
948 2365 1067 2422 satiram
1084 2361 1169 2420 brevi

81 2480 86 2489 ·
173 2459 241 2534 post
260 2456 398 2530 scriptam
416 2471 491 2512 esse.
529 2456 648 2512 Poterat
671 2459 740 2529 post
759 2456 932 2514 decennium
952 2458 982 2511 et
1000 2455 1098 2538 plures
1117 2468 1168 2510 an-

162 2567 227 2606 nos
244 2547 350 2623 scribi,
369 2563 425 2602 nec
443 2545 631 2602 metuendum
649 2549 712 2602 erat
730 2547 836 2620 poetae
855 2561 893 2602 na
912 2547 972 2600 tam
990 2546 1085 2600 faceta
1102 2557 1168 2616 per·

173 2638 313 2698 ridiculae
337 2636 382 2691 rei
406 2636 521 2709 pictura
545 2636 641 2692 minus
666 2636 824 2695 delectaret
853 2638 987 2695 lectores.
1030 2633 1169 2708 Alioquin

173 2747 212 2788 ne
229 2745 284 2786 nos
297 2725 422 2801 'quidem
440 2725 658 2784 delectaremur.
689 2728 804 2784 Deinde
823 2745 894 2784 vero
912 2726 1101 2784 vehementer
1118 2741 1168 2780 vc·
1215 2743 1224 2753 ·

173 2837 240 2879 reor
257 2835 296 2876 ne
314 2821 424 2874 temere
443 2816 533 2874 verba
547 2815 674 2891 jaciant,
700 2817 751 2890 qui
774 2819 806 2875 in
831 2819 921 2876 satira
944 2815 1102 2874 rudimenti
1118 2829 1168 2871 vc·

175 2912 261 2984 stigia
281 2907 499 2984 deprehendere
519 2907 577 2965 sibi
595 2907 734 2965 videntur
757 2912 788 2966 ct
812 2909 922 2967 idcirco
947 2905 1084 2984 primitiis
1104 2921 1169 2962 eam

118 3053 122 3062 ,
175 2999 422 3060 annumerandam
447 3015 512 3056 esse
538 3001 667 3057 censent.
705 3000 782 3058 Nam
813 3001 838 3057 si
870 2998 943 3074 quid
971 2997 1057 3055 video
1085 2997 1168 3074 haec,

176 3093 307 3169 quemvis
325 3094 454 3150 omnium
471 3090 653 3167 brevissima,
674 3107 727 3148 suo
746 3092 778 3148 in
796 3107 906 3164 genere
921 3089 1170 3166 praestantissima

175 3187 237 3260 eat,
261 3183 371 3257 ¹quippe
396 3197 471 3257 quae
490 3185 520 3238 et
538 3183 755 3256 compositionis
774 3183 919 3254 elegantia
943 3186 974 3262 et
998 3179 1169 3238 elocutionis

176 3273 320 3334 suavitate
340 3278 370 3331 et
387 3277 477 3332 mooe.
494 3275 622 3330 octonas
639 3275 805 3332 luminibus
828 3274 871 3330 ita
895 3272 1028 3348 excellit,
1054 3286 1119 3337 eam
1137 3270 1170 3324 nt

177 3364 312 3442 cuiquam
330 3365 381 3422 alii
400 3363 503 3422 cedere
522 3364 685 3436 praefracte
704 3378 817 3442 negem,
837 3362 1016 3438 quinetiam
1027 3360 1170 3435 potiorem

174 3459 271 3516 'dicam
287 3459 396 3534 primo.
434 3456 480 3514 Ita
508 3455 638 3512 Massoni
666 3455 862 3528 conjecturam
888 3455 967 3512 nulla
995 3452 1113 3508 omnino
1136 3467 1169 3507 re

178 3549 338 3607 confirmari
355 3547 447 3607 tides.
485 3543 697 3621 Persequamur
721 3563 796 3622 quue
821 3548 850 3605 ei
874 3545 1072 3604 adversentur.
1110 3541 1169 3600 Ne·
1235 3568 1238 3577 =

178 3639 285 3698 minem
304 3640 387 3698 lacile
406 3637 511 3719 callida
530 3639 672 3713 quaedam
690 3639 785 3696 ironia
803 3639 851 3696 vel
869 3634 967 3713 potius
986 3635 1106 3711 apathia
1124 3634 1168 3689 lu·

180 3729 264 3806 gerit,
277 3745 340 3802 -qua
357 3730 551 3805 poetasBrutt
569 3731 746 3789 montionem
765 3729 835 3787 lecit
852 3728 885 3787 in
902 3745 946 3786 vs.
965 3727 1082 3799 23.sq.:
