<?xml version="1.0" encoding="UTF-8"?>
<!DOCTYPE html PUBLIC "-//W3C//DTD XHTML 1.0 Transitional//EN"
    "http://www.w3.org/TR/xhtml1/DTD/xhtml1-transitional.dtd">
<html xmlns="http://www.w3.org/1999/xhtml" xml:lang="en" lang="en">
 <head>
  <title>
</title>
<meta http-equiv="Content-Type" content="text/html;charset=utf-8" />
  <meta name='ocr-system' content='tesseract 3.04.00' />
  <meta name='ocr-capabilities' content='ocr_page ocr_carea ocr_par ocr_line ocrx_word'/>
</head>
<body>
  <div class='ocr_page' id='page_1' title='image "./fastihoratiani01lachgoog_0174.png"; bbox 0 0 2782 4558; ppageno 0'>
   <div class='ocr_carea' id='block_1_1' title="bbox 611 245 927 348">
    <p class='ocr_par' dir='ltr' id='par_1_1' title="bbox 611 245 927 348">
     <span class='ocr_line' id='line_1_1' title="bbox 611 245 927 348; baseline 0.003 -32"><span class='ocrx_word' id='word_1_1' title='bbox 611 245 818 328; x_wconf 76' lang='lat' dir='ltr'><strong>—·1ot-:=</strong></span> <span class='ocrx_word' id='word_1_2' title='bbox 901 335 927 348; x_wconf 16' lang='grc' dir='ltr'><strong><em>Ν</em></strong></span> 
     </span>
    </p>
   </div>
   <div class='ocr_carea' id='block_1_2' title="bbox 116 411 1215 760">
    <p class='ocr_par' dir='ltr' id='par_1_2' title="bbox 116 411 1215 760">
     <span class='ocr_line' id='line_1_2' title="bbox 116 411 1211 486; baseline 0.004 -13"><span class='ocrx_word' id='word_1_3' title='bbox 116 421 119 430; x_wconf 79' lang='grc'>’</span> <span class='ocrx_word' id='word_1_4' title='bbox 222 413 354 474; x_wconf 62' lang='lat' dir='ltr'><strong>Deliam:</strong></span> <span class='ocrx_word' id='word_1_5' title='bbox 381 412 564 472; x_wconf 82' lang='lat' dir='ltr'><strong>Miserablles</strong></span> <span class='ocrx_word' id='word_1_6' title='bbox 581 428 653 472; x_wconf 85' lang='lat' dir='ltr'><strong>vero</strong></span> <span class='ocrx_word' id='word_1_7' title='bbox 672 413 770 486; x_wconf 81' lang='lat' dir='ltr'><strong>elegos</strong></span> <span class='ocrx_word' id='word_1_8' title='bbox 788 411 990 486; x_wconf 83' lang='lat' dir='ltr'><strong>intelligendos</strong></span> <span class='ocrx_word' id='word_1_9' title='bbox 1008 415 1211 477; x_wconf 42' lang='lat' dir='ltr'><strong>esseae-librlll.</strong></span> 
     </span>
     <span class='ocr_line' id='line_1_3' title="bbox 222 504 1212 580; baseline 0.001 -16"><span class='ocrx_word' id='word_1_10' title='bbox 222 507 259 564; x_wconf 73' lang='lat' dir='ltr'><strong>ol.</strong></span> <span class='ocrx_word' id='word_1_11' title='bbox 278 507 306 565; x_wconf 92' lang='grc'><strong>3.</strong></span> <span class='ocrx_word' id='word_1_12' title='bbox 331 507 415 562; x_wconf 53' lang='lat' dir='ltr'><strong>teet</strong></span> <span class='ocrx_word' id='word_1_13' title='bbox 438 505 470 562; x_wconf 86' lang='lat'><strong>6.</strong></span> <span class='ocrx_word' id='word_1_14' title='bbox 504 504 611 561; x_wconf 89' lang='lat' dir='ltr'><strong>Merito</strong></span> <span class='ocrx_word' id='word_1_15' title='bbox 641 521 696 579; x_wconf 85' lang='lat' dir='ltr'><strong>pro</strong></span> <span class='ocrx_word' id='word_1_16' title='bbox 723 505 825 562; x_wconf 87' lang='lat' dir='ltr'><strong>cadom</strong></span> <span class='ocrx_word' id='word_1_17' title='bbox 850 506 994 562; x_wconf 82' lang='lat' dir='ltr'><strong>sententia</strong></span> <span class='ocrx_word' id='word_1_18' title='bbox 1016 510 1212 580; x_wconf 79' lang='lat' dir='ltr'>propugnavit</span> 
     </span>
     <span class='ocr_line' id='line_1_4' title="bbox 223 583 1210 670; baseline 0 -13"><span class='ocrx_word' id='word_1_19' title='bbox 223 599 383 658; x_wconf 75' lang='lat' dir='ltr'><strong>Wetccerc.</strong></span> <span class='ocrx_word' id='word_1_20' title='bbox 409 595 446 652; x_wconf 88' lang='lat' dir='ltr'><strong>do</strong></span> <span class='ocrx_word' id='word_1_21' title='bbox 469 597 536 653; x_wconf 78' lang='lat' dir='ltr'><strong>Ver.</strong></span> <span class='ocrx_word' id='word_1_22' title='bbox 566 583 597 652; x_wconf 85' lang='lat' dir='ltr'><strong>ct</strong></span> <span class='ocrx_word' id='word_1_23' title='bbox 622 597 702 657; x_wconf 85' lang='lat' dir='ltr'><strong>Cass.</strong></span> <span class='ocrx_word' id='word_1_24' title='bbox 731 612 761 670; x_wconf 93' lang='lat' dir='ltr'><strong>p.</strong></span> <span class='ocrx_word' id='word_1_25' title='bbox 789 596 845 653; x_wconf 82' lang='lat'><strong>235</strong></span> <span class='ocrx_word' id='word_1_26' title='bbox 858 611 908 668; x_wconf 80' lang='lat' dir='ltr'><strong>sq.</strong></span> <span class='ocrx_word' id='word_1_27' title='bbox 933 611 988 653; x_wconf 87' lang='lat' dir='ltr'><strong>noo</strong></span> <span class='ocrx_word' id='word_1_28' title='bbox 1010 597 1210 656; x_wconf 69' lang='lat' dir='ltr'><strong>labefactatam</strong></span> 
     </span>
     <span class='ocr_line' id='line_1_5' title="bbox 221 685 1215 760; baseline 0.002 -16"><span class='ocrx_word' id='word_1_29' title='bbox 221 703 287 746; x_wconf 86' lang='lat' dir='ltr'><strong>eam</strong></span> <span class='ocrx_word' id='word_1_30' title='bbox 310 691 340 744; x_wconf 89' lang='lat' dir='ltr'><strong>ot</strong></span> <span class='ocrx_word' id='word_1_31' title='bbox 356 687 539 744; x_wconf 73' lang='lat' dir='ltr'><strong>immutatam</strong></span> <span class='ocrx_word' id='word_1_32' title='bbox 563 701 629 744; x_wconf 84' lang='lat' dir='ltr'><strong>esso</strong></span> <span class='ocrx_word' id='word_1_33' title='bbox 655 688 809 744; x_wconf 87' lang='lat' dir='ltr'><strong>confitetur</strong></span> <span class='ocrx_word' id='word_1_34' title='bbox 832 703 860 760; x_wconf 87' lang='lat' dir='ltr'><strong>p.</strong></span> <span class='ocrx_word' id='word_1_35' title='bbox 880 687 945 743; x_wconf 95' lang='grc'><strong>375.</strong></span> <span class='ocrx_word' id='word_1_36' title='bbox 971 685 1065 744; x_wconf 85' lang='lat' dir='ltr'><strong>doctis</strong></span> <span class='ocrx_word' id='word_1_37' title='bbox 1090 692 1215 753; x_wconf 63' lang='grc' dir='ltr'><strong>ΒΜ</strong></span> 
     </span>
    </p>
   </div>
   <div class='ocr_carea' id='block_1_3' title="bbox 95 777 1214 854">
    <p class='ocr_par' dir='ltr' id='par_1_3' title="bbox 95 777 1214 854">
     <span class='ocr_line' id='line_1_6' title="bbox 95 777 1214 854; baseline 0.003 -19"><span class='ocrx_word' id='word_1_38' title='bbox 95 846 98 854; x_wconf 20' lang='grc' dir='ltr'>ι</span> <span class='ocrx_word' id='word_1_39' title='bbox 220 777 340 852; x_wconf 86' lang='lat' dir='ltr'><strong>disputt.</strong></span> <span class='ocrx_word' id='word_1_40' title='bbox 360 777 392 835; x_wconf 85' lang='lat' dir='ltr'><strong>in</strong></span> <span class='ocrx_word' id='word_1_41' title='bbox 410 777 455 835; x_wconf 86' lang='lat' dir='ltr'><strong>ed.</strong></span> <span class='ocrx_word' id='word_1_42' title='bbox 475 777 539 836; x_wconf 81' lang='lat' dir='ltr'><strong>Tib.</strong></span> <span class='ocrx_word' id='word_1_43' title='bbox 559 777 640 836; x_wconf 75' lang='lat' dir='ltr'><strong>l’onr.</strong></span> <span class='ocrx_word' id='word_1_44' title='bbox 658 777 700 854; x_wconf 83' lang='lat' dir='ltr'><strong>L,</strong></span> <span class='ocrx_word' id='word_1_45' title='bbox 726 778 880 850; x_wconf 82' lang='lat' dir='ltr'><strong>Glyceram</strong></span> <span class='ocrx_word' id='word_1_46' title='bbox 897 779 1087 837; x_wconf 86' lang='lat' dir='ltr'><strong>Horatianam</strong></span> <span class='ocrx_word' id='word_1_47' title='bbox 1104 779 1214 838; x_wconf 81' lang='lat' dir='ltr'><strong>Tibulli</strong></span> 
     </span>
    </p>
   </div>
   <div class='ocr_carea' id='block_1_4' title="bbox 218 863 1213 1034">
    <p class='ocr_par' dir='ltr' id='par_1_4' title="bbox 218 863 1213 1034">
     <span class='ocr_line' id='line_1_7' title="bbox 219 863 1210 949; baseline 0.002 -22"><span class='ocrx_word' id='word_1_48' title='bbox 219 868 359 927; x_wconf 88' lang='lat' dir='ltr'><strong>Nemesin</strong></span> <span class='ocrx_word' id='word_1_49' title='bbox 386 885 451 925; x_wconf 89' lang='lat' dir='ltr'><strong>esse</strong></span> <span class='ocrx_word' id='word_1_50' title='bbox 479 867 596 926; x_wconf 88' lang='lat' dir='ltr'><strong>omnino</strong></span> <span class='ocrx_word' id='word_1_51' title='bbox 623 869 757 940; x_wconf 84' lang='lat' dir='ltr'><strong>negantis</strong></span> <span class='ocrx_word' id='word_1_52' title='bbox 786 865 838 949; x_wconf 82' lang='lat' dir='ltr'><strong>(cf.</strong></span> <span class='ocrx_word' id='word_1_53' title='bbox 858 885 887 942; x_wconf 89' lang='lat' dir='ltr'><strong>p.</strong></span> <span class='ocrx_word' id='word_1_54' title='bbox 906 863 1003 949; x_wconf 82' lang='grc' dir='ltr'><strong>ΧΧ.)</strong></span> <span class='ocrx_word' id='word_1_55' title='bbox 1040 871 1116 928; x_wconf 84' lang='lat' dir='ltr'><strong>Non.</strong></span> <span class='ocrx_word' id='word_1_56' title='bbox 1131 875 1210 930; x_wconf 87' lang='lat' dir='ltr'><strong>reete</strong></span> 
     </span>
     <span class='ocr_line' id='line_1_8' title="bbox 218 957 1213 1034; baseline 0.004 -18"><span class='ocrx_word' id='word_1_57' title='bbox 218 962 318 1017; x_wconf 81' lang='lat' dir='ltr'><strong>autem</strong></span> <span class='ocrx_word' id='word_1_58' title='bbox 334 957 491 1030; x_wconf 82' lang='lat' dir='ltr'><strong>Wei&#39;chcrt.</strong></span> <span class='ocrx_word' id='word_1_59' title='bbox 510 975 540 1034; x_wconf 88' lang='lat' dir='ltr'><strong>p.</strong></span> <span class='ocrx_word' id='word_1_60' title='bbox 559 959 624 1016; x_wconf 85' lang='grc'><strong>238.</strong></span> <span class='ocrx_word' id='word_1_61' title='bbox 650 975 766 1016; x_wconf 86' lang='lat' dir='ltr'><strong>carmen</strong></span> <span class='ocrx_word' id='word_1_62' title='bbox 790 960 904 1016; x_wconf 80' lang='lat' dir='ltr'><strong>Horatii</strong></span> <span class='ocrx_word' id='word_1_63' title='bbox 925 977 980 1034; x_wconf 92' lang='lat' dir='ltr'><strong>per</strong></span> <span class='ocrx_word' id='word_1_64' title='bbox 1004 957 1077 1019; x_wconf 85' lang='lat' dir='ltr'><strong>ann.¹</strong></span> <span class='ocrx_word' id='word_1_65' title='bbox 1096 963 1160 1019; x_wconf 90' lang='grc'><strong>733.</strong></span> <span class='ocrx_word' id='word_1_66' title='bbox 1179 965 1213 1020; x_wconf 88' lang='lat' dir='ltr'><strong>et</strong></span> 
     </span>
    </p>
   </div>
   <div class='ocr_carea' id='block_1_5' title="bbox 219 1051 1236 1136">
    <p class='ocr_par' dir='ltr' id='par_1_5' title="bbox 219 1051 1236 1136">
     <span class='ocr_line' id='line_1_9' title="bbox 219 1051 1236 1136; baseline 0.005 -29"><span class='ocrx_word' id='word_1_67' title='bbox 219 1051 266 1108; x_wconf 88' lang='grc'><strong>34.</strong></span> <span class='ocrx_word' id='word_1_68' title='bbox 285 1053 520 1136; x_wconf 39' lang='lat' dir='ltr'><strong>exaratum‘esse</strong></span> <span class='ocrx_word' id='word_1_69' title='bbox 539 1051 701 1125; x_wconf 86' lang='lat' dir='ltr'><strong>suspicatus</strong></span> <span class='ocrx_word' id='word_1_70' title='bbox 721 1054 776 1127; x_wconf 87' lang='lat' dir='ltr'><strong>est,</strong></span> <span class='ocrx_word' id='word_1_71' title='bbox 796 1051 907 1108; x_wconf 88' lang='lat' dir='ltr'><strong>scilieet</strong></span> <span class='ocrx_word' id='word_1_72' title='bbox 925 1054 1236 1132; x_wconf 58' lang='lat' dir='ltr'><strong>surripui-iratiores,</strong></span> 
     </span>
    </p>
   </div>
   <div class='ocr_carea' id='block_1_6' title="bbox 216 1139 1215 1856">
    <p class='ocr_par' dir='ltr' id='par_1_6' title="bbox 216 1139 1215 1856">
     <span class='ocr_line' id='line_1_10' title="bbox 219 1139 1209 1220; baseline 0.001 -21"><span class='ocrx_word' id='word_1_73' title='bbox 219 1143 332 1200; x_wconf 86' lang='lat' dir='ltr'><strong>certum</strong></span> <span class='ocrx_word' id='word_1_74' title='bbox 350 1158 416 1198; x_wconf 87' lang='lat' dir='ltr'><strong>esse</strong></span> <span class='ocrx_word' id='word_1_75' title='bbox 435 1139 573 1218; x_wconf 85' lang='lat' dir='ltr'><strong>credens,</strong></span> <span class='ocrx_word' id='word_1_76' title='bbox 597 1140 843 1198; x_wconf 86' lang='lat' dir='ltr'><strong>libromodarum</strong></span> <span class='ocrx_word' id='word_1_77' title='bbox 860 1142 883 1200; x_wconf 83' lang='lat' dir='ltr'><strong>l</strong></span> <span class='ocrx_word' id='word_1_78' title='bbox 903 1143 1030 1202; x_wconf 86' lang='lat' dir='ltr'><strong>carmina</strong></span> <span class='ocrx_word' id='word_1_79' title='bbox 1048 1145 1209 1220; x_wconf 80' lang='lat' dir='ltr'><strong>complecti,</strong></span> 
     </span>
     <span class='ocr_line' id='line_1_11' title="bbox 219 1229 1214 1314; baseline 0.004 -26"><span class='ocrx_word' id='word_1_80' title='bbox 219 1245 295 1306; x_wconf 88' lang='lat' dir='ltr'><strong>quae</strong></span> <span class='ocrx_word' id='word_1_81' title='bbox 316 1233 402 1290; x_wconf 45' lang='lat' dir='ltr'><strong>*intra</strong></span> <span class='ocrx_word' id='word_1_82' title='bbox 429 1249 520 1291; x_wconf 86' lang='lat' dir='ltr'><strong>annos</strong></span> <span class='ocrx_word' id='word_1_83' title='bbox 550 1231 720 1290; x_wconf 81' lang='grc'><strong>718-736.</strong></span> <span class='ocrx_word' id='word_1_84' title='bbox 753 1235 913 1308; x_wconf 89' lang='lat' dir='ltr'><strong>composito</strong></span> <span class='ocrx_word' id='word_1_85' title='bbox 941 1234 1000 1291; x_wconf 88' lang='lat' dir='ltr'><strong>sint</strong></span> <span class='ocrx_word' id='word_1_86' title='bbox 1029 1229 1214 1314; x_wconf 63' lang='grc'><strong>(51115.-</strong></span> 
     </span>
     <span class='ocr_line' id='line_1_12' title="bbox 218 1317 1208 1404; baseline 0.006 -26"><span class='ocrx_word' id='word_1_87' title='bbox 218 1317 319 1404; x_wconf 75' lang='grc'><strong>237.);</strong></span> <span class='ocrx_word' id='word_1_88' title='bbox 347 1323 583 1399; x_wconf 77' lang='lat' dir='ltr'><strong>circumspectius</strong></span> <span class='ocrx_word' id='word_1_89' title='bbox 599 1323 692 1382; x_wconf 87' lang='lat' dir='ltr'><strong>multo</strong></span> <span class='ocrx_word' id='word_1_90' title='bbox 712 1324 805 1381; x_wconf 84' lang='lat' dir='ltr'><strong>Garol.</strong></span> <span class='ocrx_word' id='word_1_91' title='bbox 824 1327 1004 1402; x_wconf 71' lang='lat' dir='ltr'><strong>Possooioa,</strong></span> <span class='ocrx_word' id='word_1_92' title='bbox 1028 1327 1084 1398; x_wconf 88' lang='lat' dir='ltr'><strong>qui</strong></span> <span class='ocrx_word' id='word_1_93' title='bbox 1098 1326 1208 1384; x_wconf 86' lang='lat' dir='ltr'><strong>inscius</strong></span> 
     </span>
     <span class='ocr_line' id='line_1_13' title="bbox 217 1412 1207 1491; baseline 0.004 -21"><span class='ocrx_word' id='word_1_94' title='bbox 217 1412 250 1470; x_wconf 92' lang='lat' dir='ltr'><strong>in</strong></span> <span class='ocrx_word' id='word_1_95' title='bbox 279 1414 377 1470; x_wconf 88' lang='lat' dir='ltr'><strong>fratris</strong></span> <span class='ocrx_word' id='word_1_96' title='bbox 407 1417 506 1490; x_wconf 81' lang='lat' dir='ltr'><strong>partes</strong></span> <span class='ocrx_word' id='word_1_97' title='bbox 536 1414 707 1490; x_wconf 81' lang='lat' dir='ltr'><strong>transierat,</strong></span> <span class='ocrx_word' id='word_1_98' title='bbox 738 1415 771 1471; x_wconf 93' lang='lat' dir='ltr'><strong>in</strong></span> <span class='ocrx_word' id='word_1_99' title='bbox 803 1417 851 1473; x_wconf 75' lang='lat' dir='ltr'><strong>vit.</strong></span> <span class='ocrx_word' id='word_1_100' title='bbox 875 1417 982 1474; x_wconf 26' lang='lat' dir='ltr'><strong>Horat..</strong></span> <span class='ocrx_word' id='word_1_101' title='bbox 1001 1419 1061 1475; x_wconf 89' lang='lat' dir='ltr'><strong>not.</strong></span> <span class='ocrx_word' id='word_1_102' title='bbox 1086 1415 1152 1474; x_wconf 75' lang='lat'><strong>214.</strong></span> <span class='ocrx_word' id='word_1_103' title='bbox 1168 1434 1207 1491; x_wconf 90' lang='lat' dir='ltr'><strong>p.</strong></span> 
     </span>
     <span class='ocr_line' id='line_1_14' title="bbox 217 1496 1214 1588; baseline 0 -22"><span class='ocrx_word' id='word_1_104' title='bbox 217 1504 407 1566; x_wconf 76' lang='lat' dir='ltr'><strong>Lxxxvrn</strong></span> <span class='ocrx_word' id='word_1_105' title='bbox 427 1506 465 1562; x_wconf 72' lang='lat' dir='ltr'><strong>ue</strong></span> <span class='ocrx_word' id='word_1_106' title='bbox 484 1521 561 1562; x_wconf 79' lang='lat' dir='ltr'><strong>anno</strong></span> <span class='ocrx_word' id='word_1_107' title='bbox 580 1506 644 1561; x_wconf 79' lang='lat'><strong>729.</strong></span> <span class='ocrx_word' id='word_1_108' title='bbox 664 1505 819 1584; x_wconf 64' lang='lat' dir='ltr'><strong>opert,</strong></span> <span class='ocrx_word' id='word_1_109' title='bbox 845 1501 907 1588; x_wconf 79' lang='lat' dir='ltr'><strong>(ru</strong></span> <span class='ocrx_word' id='word_1_110' title='bbox 925 1496 1015 1569; x_wconf 71' lang='lat' dir='ltr'><strong>cusu</strong></span> <span class='ocrx_word' id='word_1_111' title='bbox 1031 1509 1214 1573; x_wconf 62' lang='lat' dir='ltr'><strong>neocor-</strong></span> 
     </span>
     <span class='ocr_line' id='line_1_15' title="bbox 216 1593 1210 1680; baseline 0.004 -28"><span class='ocrx_word' id='word_1_112' title='bbox 216 1611 279 1654; x_wconf 82' lang='lat' dir='ltr'><strong>ncr</strong></span> <span class='ocrx_word' id='word_1_113' title='bbox 295 1596 457 1671; x_wconf 80' lang='lat' dir='ltr'><strong>inephom.</strong></span> <span class='ocrx_word' id='word_1_114' title='bbox 477 1595 554 1655; x_wconf 85' lang='lat' dir='ltr'><strong>liter.</strong></span> <span class='ocrx_word' id='word_1_115' title='bbox 572 1596 690 1654; x_wconf 80' lang='lat' dir='ltr'><strong>Halous.</strong></span> <span class='ocrx_word' id='word_1_116' title='bbox 711 1596 793 1654; x_wconf 85' lang='grc'><strong>1836.</strong></span> <span class='ocrx_word' id='word_1_117' title='bbox 822 1600 937 1673; x_wconf 80' lang='lat' dir='ltr'><strong>lump.</strong></span> <span class='ocrx_word' id='word_1_118' title='bbox 957 1593 1055 1680; x_wconf 74' lang='grc'><strong>256),</strong></span> <span class='ocrx_word' id='word_1_119' title='bbox 1083 1615 1141 1676; x_wconf 91' lang='lat' dir='ltr'><strong>quo</strong></span> <span class='ocrx_word' id='word_1_120' title='bbox 1156 1600 1210 1656; x_wconf 80' lang='grc' dir='ltr'><strong>-Τί-</strong></span> 
     </span>
     <span class='ocr_line' id='line_1_16' title="bbox 216 1682 1211 1769; baseline 0.007 -27"><span class='ocrx_word' id='word_1_121' title='bbox 216 1684 313 1744; x_wconf 87' lang='lat' dir='ltr'><strong>bullus</strong></span> <span class='ocrx_word' id='word_1_122' title='bbox 340 1685 450 1744; x_wconf 84' lang='lat' dir='ltr'><strong>laesam</strong></span> <span class='ocrx_word' id='word_1_123' title='bbox 467 1689 590 1747; x_wconf 68' lang='lat' dir='ltr'><strong>ramice</strong></span> <span class='ocrx_word' id='word_1_124' title='bbox 618 1687 768 1765; x_wconf 74' lang='lat' dir='ltr'><strong>Glycerae</strong></span> <span class='ocrx_word' id='word_1_125' title='bbox 794 1682 890 1769; x_wconf 78' lang='lat' dir='ltr'><strong>(„uer</strong></span> <span class='ocrx_word' id='word_1_126' title='bbox 913 1687 1068 1750; x_wconf 74' lang='lat' dir='ltr'><strong>emolueo&#39;</strong></span> <span class='ocrx_word' id='word_1_127' title='bbox 1084 1691 1211 1750; x_wconf 69' lang='lat' dir='ltr'><strong>norw</strong></span> 
     </span>
     <span class='ocr_line' id='line_1_17' title="bbox 216 1767 1215 1856; baseline 0.004 -22"><span class='ocrx_word' id='word_1_128' title='bbox 216 1775 302 1834; x_wconf 80' lang='lat' dir='ltr'><strong>Jahn.</strong></span> <span class='ocrx_word' id='word_1_129' title='bbox 321 1777 354 1834; x_wconf 92' lang='lat' dir='ltr'><strong>in</strong></span> <span class='ocrx_word' id='word_1_130' title='bbox 372 1778 442 1835; x_wconf 88' lang='lat' dir='ltr'><strong>e&#39;dit.</strong></span> <span class='ocrx_word' id='word_1_131' title='bbox 461 1778 489 1836; x_wconf 88' lang='lat'><strong>2.</strong></span> <span class='ocrx_word' id='word_1_132' title='bbox 509 1795 539 1852; x_wconf 89' lang='lat' dir='ltr'><strong>p.</strong></span> <span class='ocrx_word' id='word_1_133' title='bbox 558 1779 642 1855; x_wconf 80' lang='lat'><strong>227.;</strong></span> <span class='ocrx_word' id='word_1_134' title='bbox 655 1767 862 1856; x_wconf 61' lang='lat' dir='ltr'><strong>„Balanea”</strong></span> <span class='ocrx_word' id='word_1_135' title='bbox 879 1782 992 1840; x_wconf 87' lang='lat' dir='ltr'><strong>Weich.</strong></span> <span class='ocrx_word' id='word_1_136' title='bbox 1011 1783 1031 1840; x_wconf 92' lang='lat' dir='ltr'><strong>l.</strong></span> <span class='ocrx_word' id='word_1_137' title='bbox 1050 1798 1124 1855; x_wconf 85' lang='lat' dir='ltr'><strong>cp.</strong></span> <span class='ocrx_word' id='word_1_138' title='bbox 1142 1781 1215 1838; x_wconf 63' lang='lat'><strong>2362</strong></span> 
     </span>
    </p>
   </div>
   <div class='ocr_carea' id='block_1_7' title="bbox 110 1863 1214 1949">
    <p class='ocr_par' dir='ltr' id='par_1_7' title="bbox 110 1863 1214 1949">
     <span class='ocr_line' id='line_1_18' title="bbox 110 1863 1214 1949; baseline 0.007 -26"><span class='ocrx_word' id='word_1_139' title='bbox 110 1913 114 1923; x_wconf 87' lang='grc'><em>,</em></span> <span class='ocrx_word' id='word_1_140' title='bbox 215 1870 277 1925; x_wconf 84' lang='lat' dir='ltr'><strong>not.</strong></span> <span class='ocrx_word' id='word_1_141' title='bbox 301 1863 367 1949; x_wconf 92' lang='grc'><strong>27.)</strong></span> <span class='ocrx_word' id='word_1_142' title='bbox 380 1869 479 1928; x_wconf 88' lang='lat' dir='ltr'><strong>-fidem</strong></span> <span class='ocrx_word' id='word_1_143' title='bbox 507 1869 710 1944; x_wconf 74' lang='lat' dir='ltr'><strong>deploraverit.</strong></span> <span class='ocrx_word' id='word_1_144' title='bbox 753 1872 820 1930; x_wconf 90' lang='lat' dir='ltr'><strong>Non</strong></span> <span class='ocrx_word' id='word_1_145' title='bbox 852 1876 952 1930; x_wconf 85' lang='lat' dir='ltr'><strong>tamen</strong></span> <span class='ocrx_word' id='word_1_146' title='bbox 986 1873 1053 1930; x_wconf 87' lang='lat' dir='ltr'><strong>sibi</strong></span> <span class='ocrx_word' id='word_1_147' title='bbox 1071 1873 1214 1932; x_wconf 73' lang='lat' dir='ltr'><strong>constitit’.</strong></span> 
     </span>
    </p>
   </div>
   <div class='ocr_carea' id='block_1_8' title="bbox 215 1956 1215 2220">
    <p class='ocr_par' dir='ltr' id='par_1_8' title="bbox 215 1956 1215 2220">
     <span class='ocr_line' id='line_1_19' title="bbox 215 1956 1215 2036; baseline 0.005 -20"><span class='ocrx_word' id='word_1_148' title='bbox 215 1956 291 2016; x_wconf 90' lang='lat' dir='ltr'><strong>Nam</strong></span> <span class='ocrx_word' id='word_1_149' title='bbox 313 1959 346 2015; x_wconf 91' lang='lat' dir='ltr'><strong>in</strong></span> <span class='ocrx_word' id='word_1_150' title='bbox 369 1964 467 2018; x_wconf 80' lang='lat' dir='ltr'><strong>annot.</strong></span> <span class='ocrx_word' id='word_1_151' title='bbox 496 1961 559 2018; x_wconf 90' lang='grc'><strong>152.</strong></span> <span class='ocrx_word' id='word_1_152' title='bbox 588 1961 675 2018; x_wconf 86' lang='lat' dir='ltr'><strong>odam</strong></span> <span class='ocrx_word' id='word_1_153' title='bbox 704 1962 782 2018; x_wconf 88' lang='lat' dir='ltr'><strong>circa</strong></span> <span class='ocrx_word' id='word_1_154' title='bbox 813 1980 839 2020; x_wconf 89' lang='lat' dir='ltr'><strong>a.</strong></span> <span class='ocrx_word' id='word_1_155' title='bbox 860 1963 925 2020; x_wconf 91' lang='grc'><strong>726.</strong></span> <span class='ocrx_word' id='word_1_156' title='bbox 957 1964 1094 2036; x_wconf 80' lang='lat' dir='ltr'><strong>scriptam</strong></span> <span class='ocrx_word' id='word_1_157' title='bbox 1125 1962 1215 2021; x_wconf 62' lang='lat' dir='ltr'><strong>diruit,v</strong></span> 
     </span>
     <span class='ocr_line' id='line_1_20' title="bbox 215 2048 1209 2127; baseline 0.007 -22"><span class='ocrx_word' id='word_1_158' title='bbox 215 2048 337 2106; x_wconf 82' lang='lat' dir='ltr'><strong>Frustra</strong></span> <span class='ocrx_word' id='word_1_159' title='bbox 354 2049 386 2107; x_wconf 90' lang='lat' dir='ltr'><strong>in</strong></span> <span class='ocrx_word' id='word_1_160' title='bbox 403 2053 493 2108; x_wconf 85' lang='lat' dir='ltr'><strong>tentis</strong></span> <span class='ocrx_word' id='word_1_161' title='bbox 511 2050 645 2109; x_wconf 84' lang='lat' dir='ltr'><strong>tenebris</strong></span> <span class='ocrx_word' id='word_1_162' title='bbox 658 2054 774 2126; x_wconf 89' lang='lat' dir='ltr'><strong>tempus</strong></span> <span class='ocrx_word' id='word_1_163' title='bbox 783 2053 950 2110; x_wconf 87' lang='lat' dir='ltr'><strong>natalicium</strong></span> <span class='ocrx_word' id='word_1_164' title='bbox 959 2069 1090 2127; x_wconf 85' lang='lat' dir='ltr'><strong>quaeras.</strong></span> <span class='ocrx_word' id='word_1_165' title='bbox 1108 2055 1146 2110; x_wconf 92' lang='lat' dir='ltr'><strong>A.</strong></span> <span class='ocrx_word' id='word_1_166' title='bbox 1159 2055 1209 2112; x_wconf 81' lang='lat' dir='ltr'><strong>Ti·</strong></span> 
     </span>
     <span class='ocr_line' id='line_1_21' title="bbox 215 2139 1206 2220; baseline 0.003 -23"><span class='ocrx_word' id='word_1_167' title='bbox 215 2139 312 2200; x_wconf 88' lang='lat' dir='ltr'><strong>bullus</strong></span> <span class='ocrx_word' id='word_1_168' title='bbox 330 2156 407 2198; x_wconf 87' lang='lat' dir='ltr'><strong>anno</strong></span> <span class='ocrx_word' id='word_1_169' title='bbox 425 2143 490 2200; x_wconf 85' lang='grc'><strong>719.</strong></span> <span class='ocrx_word' id='word_1_170' title='bbox 510 2143 632 2200; x_wconf 86' lang='lat' dir='ltr'><strong>Horatio</strong></span> <span class='ocrx_word' id='word_1_171' title='bbox 650 2142 779 2199; x_wconf 91' lang='lat' dir='ltr'><strong>nondum</strong></span> <span class='ocrx_word' id='word_1_172' title='bbox 797 2143 946 2200; x_wconf 86' lang='lat' dir='ltr'><strong>familiaris</strong></span> <span class='ocrx_word' id='word_1_173' title='bbox 966 2143 1056 2199; x_wconf 84' lang='lat' dir='ltr'><strong>fuisse</strong></span> <span class='ocrx_word' id='word_1_174' title='bbox 1074 2143 1206 2220; x_wconf 86' lang='lat' dir='ltr'><strong>videtur;</strong></span> 
     </span>
    </p>
   </div>
   <div class='ocr_carea' id='block_1_9' title="bbox 86 2215 1208 2310">
    <p class='ocr_par' dir='ltr' id='par_1_9' title="bbox 86 2215 1208 2310">
     <span class='ocr_line' id='line_1_22' title="bbox 86 2215 1208 2310; baseline 0.006 -25"><span class='ocrx_word' id='word_1_175' title='bbox 86 2297 89 2305; x_wconf 89' lang='lat'><strong>.</strong></span> <span class='ocrx_word' id='word_1_176' title='bbox 214 2244 283 2286; x_wconf 87' lang='lat' dir='ltr'><strong>nam</strong></span> <span class='ocrx_word' id='word_1_177' title='bbox 301 2231 360 2288; x_wconf 79' lang='lat' dir='ltr'><strong>Sat.</strong></span> <span class='ocrx_word' id='word_1_178' title='bbox 381 2233 415 2309; x_wconf 93' lang='lat' dir='ltr'><strong>l-,</strong></span> <span class='ocrx_word' id='word_1_179' title='bbox 441 2215 486 2291; x_wconf 76' lang='lat' dir='ltr'><strong>ro.</strong></span> <span class='ocrx_word' id='word_1_180' title='bbox 511 2249 571 2291; x_wconf 89' lang='lat' dir='ltr'><strong>non</strong></span> <span class='ocrx_word' id='word_1_181' title='bbox 589 2234 621 2290; x_wconf 93' lang='lat' dir='ltr'><strong>in</strong></span> <span class='ocrx_word' id='word_1_182' title='bbox 638 2242 806 2310; x_wconf 82' lang='lat' dir='ltr'><strong>censorum,</strong></span> <span class='ocrx_word' id='word_1_183' title='bbox 830 2236 975 2292; x_wconf 86' lang='lat' dir='ltr'><strong>tantorum</strong></span> <span class='ocrx_word' id='word_1_184' title='bbox 993 2233 1208 2308; x_wconf 78' lang='lat' dir='ltr'><strong>amicorumque</strong></span> 
     </span>
    </p>
   </div>
   <div class='ocr_carea' id='block_1_10' title="bbox 213 2324 1213 2766">
    <p class='ocr_par' dir='ltr' id='par_1_10' title="bbox 213 2324 1213 2766">
     <span class='ocr_line' id='line_1_23' title="bbox 214 2324 1208 2397; baseline 0.008 -21"><span class='ocrx_word' id='word_1_185' title='bbox 214 2335 336 2380; x_wconf 86' lang='lat' dir='ltr'><strong>numero</strong></span> <span class='ocrx_word' id='word_1_186' title='bbox 363 2325 495 2382; x_wconf 82' lang='lat' dir='ltr'><strong>refertur.</strong></span> <span class='ocrx_word' id='word_1_187' title='bbox 541 2326 702 2397; x_wconf 87' lang='lat' dir='ltr'><strong>Utrumque</strong></span> <span class='ocrx_word' id='word_1_188' title='bbox 729 2324 875 2382; x_wconf 86' lang='lat' dir='ltr'><strong>amicitiae</strong></span> <span class='ocrx_word' id='word_1_189' title='bbox 902 2325 1018 2382; x_wconf 79' lang='lat' dir='ltr'><strong>uinculo</strong></span> <span class='ocrx_word' id='word_1_190' title='bbox 1046 2340 1126 2384; x_wconf 83' lang='lat' dir='ltr'><strong>ann·</strong></span> <span class='ocrx_word' id='word_1_191' title='bbox 1141 2326 1208 2390; x_wconf 83' lang='grc'><strong>722.</strong></span> 
     </span>
     <span class='ocr_line' id='line_1_24' title="bbox 214 2413 1207 2495; baseline 0.007 -28"><span class='ocrx_word' id='word_1_192' title='bbox 214 2414 266 2468; x_wconf 86' lang='lat' dir='ltr'><strong>aut</strong></span> <span class='ocrx_word' id='word_1_193' title='bbox 283 2413 348 2470; x_wconf 88' lang='grc'><strong>723.</strong></span> <span class='ocrx_word' id='word_1_194' title='bbox 368 2417 533 2489; x_wconf 85' lang='lat' dir='ltr'><strong>copulatum</strong></span> <span class='ocrx_word' id='word_1_195' title='bbox 557 2431 623 2472; x_wconf 87' lang='lat' dir='ltr'><strong>osse</strong></span> <span class='ocrx_word' id='word_1_196' title='bbox 647 2416 765 2488; x_wconf 90' lang='lat' dir='ltr'><strong>conjicit</strong></span> <span class='ocrx_word' id='word_1_197' title='bbox 787 2416 906 2488; x_wconf 63' lang='lat' dir='ltr'><strong>Passov,</strong></span> <span class='ocrx_word' id='word_1_198' title='bbox 929 2416 1112 2487; x_wconf 72' lang='lat' dir='ltr'><strong>invitaet.</strong></span> <span class='ocrx_word' id='word_1_199' title='bbox 1133 2419 1207 2495; x_wconf 77' lang='lat'><strong>152,</strong></span> 
     </span>
     <span class='ocr_line' id='line_1_25' title="bbox 213 2502 1213 2589; baseline 0.009 -30"><span class='ocrx_word' id='word_1_200' title='bbox 213 2502 358 2576; x_wconf 85' lang='lat' dir='ltr'><strong>probabili</strong></span> <span class='ocrx_word' id='word_1_201' title='bbox 378 2523 447 2563; x_wconf 88' lang='lat' dir='ltr'><strong>sanc</strong></span> <span class='ocrx_word' id='word_1_202' title='bbox 466 2507 596 2583; x_wconf 87' lang='lat' dir='ltr'><strong>ratione,</strong></span> <span class='ocrx_word' id='word_1_203' title='bbox 615 2507 641 2564; x_wconf 85' lang='lat' dir='ltr'><strong>si</strong></span> <span class='ocrx_word' id='word_1_204' title='bbox 659 2511 840 2586; x_wconf 87' lang='lat' dir='ltr'><strong>verum-est,</strong></span> <span class='ocrx_word' id='word_1_205' title='bbox 866 2507 944 2582; x_wconf 93' lang='lat' dir='ltr'><strong>quod</strong></span> <span class='ocrx_word' id='word_1_206' title='bbox 961 2509 1115 2567; x_wconf 85' lang='lat' dir='ltr'><strong>Dissenius</strong></span> <span class='ocrx_word' id='word_1_207' title='bbox 1133 2502 1213 2589; x_wconf 48' lang='lat' dir='ltr'><strong>(vole</strong></span> 
     </span>
     <span class='ocr_line' id='line_1_26' title="bbox 213 2591 1208 2678; baseline 0.006 -26"><span class='ocrx_word' id='word_1_208' title='bbox 213 2592 238 2651; x_wconf 86' lang='lat' dir='ltr'><strong>I.</strong></span> <span class='ocrx_word' id='word_1_209' title='bbox 256 2611 287 2668; x_wconf 92' lang='lat' dir='ltr'><strong>p.</strong></span> <span class='ocrx_word' id='word_1_210' title='bbox 306 2591 402 2678; x_wconf 85' lang='lat' dir='ltr'><strong>xvl)</strong></span> <span class='ocrx_word' id='word_1_211' title='bbox 422 2598 512 2675; x_wconf 84' lang='lat' dir='ltr'><strong>dixit,</strong></span> <span class='ocrx_word' id='word_1_212' title='bbox 538 2599 685 2657; x_wconf 87' lang='lat' dir='ltr'><strong>Tibullum</strong></span> <span class='ocrx_word' id='word_1_213' title='bbox 709 2598 855 2672; x_wconf 89' lang='lat' dir='ltr'><strong>stipendia</strong></span> <span class='ocrx_word' id='word_1_214' title='bbox 874 2600 1021 2672; x_wconf 81' lang='lat' dir='ltr'><strong>equestria</strong></span> <span class='ocrx_word' id='word_1_215' title='bbox 1038 2600 1208 2658; x_wconf 89' lang='lat' dir='ltr'><strong>moriturum</strong></span> 
     </span>
     <span class='ocr_line' id='line_1_27' title="bbox 215 2686 1207 2766; baseline 0.009 -26"><span class='ocrx_word' id='word_1_216' title='bbox 215 2700 292 2742; x_wconf 89' lang='lat' dir='ltr'><strong>anno</strong></span> <span class='ocrx_word' id='word_1_217' title='bbox 311 2686 375 2743; x_wconf 89' lang='grc'><strong>712.</strong></span> <span class='ocrx_word' id='word_1_218' title='bbox 395 2688 519 2746; x_wconf 86' lang='lat' dir='ltr'><strong>Penates</strong></span> <span class='ocrx_word' id='word_1_219' title='bbox 536 2690 701 2766; x_wconf 83' lang='lat' dir='ltr'><strong>reliquisse,</strong></span> <span class='ocrx_word' id='word_1_220' title='bbox 721 2693 752 2746; x_wconf 90' lang='lat' dir='ltr'><strong>et</strong></span> <span class='ocrx_word' id='word_1_221' title='bbox 771 2705 847 2748; x_wconf 88' lang='lat' dir='ltr'><strong>anno</strong></span> <span class='ocrx_word' id='word_1_222' title='bbox 866 2689 983 2747; x_wconf 89' lang='lat' dir='ltr'><strong>demum</strong></span> <span class='ocrx_word' id='word_1_223' title='bbox 1000 2691 1065 2748; x_wconf 91' lang='grc'><strong>722.</strong></span> <span class='ocrx_word' id='word_1_224' title='bbox 1084 2691 1207 2750; x_wconf 84' lang='lat' dir='ltr'><strong>rediisse</strong></span> 
     </span>
    </p>
   </div>
   <div class='ocr_carea' id='block_1_11' title="bbox 214 2775 1336 2932">
    <p class='ocr_par' dir='ltr' id='par_1_11' title="bbox 214 2775 1336 2932">
     <span class='ocr_line' id='line_1_28' title="bbox 214 2775 1214 2856; baseline 0.005 -23"><span class='ocrx_word' id='word_1_225' title='bbox 214 2775 358 2835; x_wconf 86' lang='lat' dir='ltr'><strong>Romam.-</strong></span> <span class='ocrx_word' id='word_1_226' title='bbox 385 2778 443 2836; x_wconf 88' lang='lat' dir='ltr'><strong>Sed</strong></span> <span class='ocrx_word' id='word_1_227' title='bbox 470 2780 594 2838; x_wconf 87' lang='lat' dir='ltr'><strong>Jahnius</strong></span> <span class='ocrx_word' id='word_1_228' title='bbox 622 2781 654 2838; x_wconf 93' lang='lat' dir='ltr'><strong>in</strong></span> <span class='ocrx_word' id='word_1_229' title='bbox 681 2782 776 2838; x_wconf 84' lang='lat' dir='ltr'><strong>annal.</strong></span> <span class='ocrx_word' id='word_1_230' title='bbox 805 2781 862 2838; x_wconf 86' lang='lat' dir='ltr'><strong>vol.</strong></span> <span class='ocrx_word' id='word_1_231' title='bbox 881 2781 919 2838; x_wconf 88' lang='lat'><strong>11.</strong></span> <span class='ocrx_word' id='word_1_232' title='bbox 947 2784 1016 2840; x_wconf 83' lang='lat' dir='ltr'><strong>fasc</strong></span> <span class='ocrx_word' id='word_1_233' title='bbox 1035 2782 1063 2838; x_wconf 90' lang='grc'><strong>2.</strong></span> <span class='ocrx_word' id='word_1_234' title='bbox 1092 2799 1121 2856; x_wconf 85' lang='lat' dir='ltr'><strong>p.</strong></span> <span class='ocrx_word' id='word_1_235' title='bbox 1141 2783 1214 2842; x_wconf 83' lang='lat'><strong>410.·</strong></span> 
     </span>
     <span class='ocr_line' id='line_1_29' title="bbox 214 2868 1336 2932; baseline 0.007 -9"><span class='ocrx_word' id='word_1_236' title='bbox 214 2881 291 2924; x_wconf 82' lang='lat' dir='ltr'><strong>anno</strong></span> <span class='ocrx_word' id='word_1_237' title='bbox 315 2868 431 2928; x_wconf 82' lang='lat' dir='ltr'><strong>demum</strong></span> <span class='ocrx_word' id='word_1_238' title='bbox 461 2871 526 2928; x_wconf 89' lang='grc'><strong>727.</strong></span> <span class='ocrx_word' id='word_1_239' title='bbox 556 2872 710 2930; x_wconf 87' lang='lat' dir='ltr'><strong>Horatium</strong></span> <span class='ocrx_word' id='word_1_240' title='bbox 726 2875 772 2929; x_wconf 75' lang='lat' dir='ltr'><strong>=ot</strong></span> <span class='ocrx_word' id='word_1_241' title='bbox 802 2871 948 2932; x_wconf 84' lang='lat' dir='ltr'><strong>Tibullum</strong></span> <span class='ocrx_word' id='word_1_242' title='bbox 978 2872 1086 2932; x_wconf 81' lang='lat' dir='ltr'><strong>auricus</strong></span> <span class='ocrx_word' id='word_1_243' title='bbox 1114 2875 1206 2932; x_wconf 81' lang='lat' dir='ltr'><strong>tactos</strong></span> <span class='ocrx_word' id='word_1_244' title='bbox 1231 2921 1233 2926; x_wconf 96' lang='lat'><strong>.</strong></span> <span class='ocrx_word' id='word_1_245' title='bbox 1331 2878 1336 2889; x_wconf 86' lang='lat'><em>‘</em></span> 
     </span>
    </p>
   </div>
   <div class='ocr_carea' id='block_1_12' title="bbox 215 2963 407 3018">
    <p class='ocr_par' dir='ltr' id='par_1_12' title="bbox 215 2963 407 3018">
     <span class='ocr_line' id='line_1_30' title="bbox 215 2963 407 3018; baseline 0.021 -4"><span class='ocrx_word' id='word_1_246' title='bbox 215 2971 281 3014; x_wconf 85' lang='lat' dir='ltr'><strong>esso</strong></span> <span class='ocrx_word' id='word_1_247' title='bbox 299 2963 407 3018; x_wconf 87' lang='lat' dir='ltr'><strong>censet</strong></span> 
     </span>
    </p>
   </div>
   <div class='ocr_carea' id='block_1_13' title="bbox 290 3139 1280 3222">
    <p class='ocr_par' dir='ltr' id='par_1_13' title="bbox 290 3139 1280 3222">
     <span class='ocr_line' id='line_1_31' title="bbox 290 3139 1280 3222; baseline 0.008 -25"><span class='ocrx_word' id='word_1_248' title='bbox 290 3139 472 3201; x_wconf 71' lang='lat' dir='ltr'><strong>mmm</strong></span> <span class='ocrx_word' id='word_1_249' title='bbox 483 3147 647 3204; x_wconf 77' lang='lat' dir='ltr'><strong>xxm·</strong></span> <span class='ocrx_word' id='word_1_250' title='bbox 678 3145 980 3222; x_wconf 49' lang='lat' dir='ltr'><strong>,laruasdecruffl</strong></span> <span class='ocrx_word' id='word_1_251' title='bbox 997 3146 1148 3222; x_wconf 85' lang='lat' dir='ltr'><strong>probabile</strong></span> <span class='ocrx_word' id='word_1_252' title='bbox 1160 3150 1207 3206; x_wconf 87' lang='lat' dir='ltr'><strong>est</strong></span> <span class='ocrx_word' id='word_1_253' title='bbox 1275 3157 1280 3166; x_wconf 87' lang='lat'>·</span> 
     </span>
    </p>
   </div>
   <div class='ocr_carea' id='block_1_14' title="bbox 214 3231 1206 3313">
    <p class='ocr_par' dir='ltr' id='par_1_14' title="bbox 214 3231 1206 3313">
     <span class='ocr_line' id='line_1_32' title="bbox 214 3231 1206 3313; baseline 0.007 -23"><span class='ocrx_word' id='word_1_254' title='bbox 214 3231 355 3308; x_wconf 85' lang='lat' dir='ltr'><strong>scriptum</strong></span> <span class='ocrx_word' id='word_1_255' title='bbox 372 3252 438 3292; x_wconf 85' lang='lat' dir='ltr'><strong>esse</strong></span> <span class='ocrx_word' id='word_1_256' title='bbox 457 3236 613 3292; x_wconf 84' lang='lat' dir='ltr'><strong>annotare</strong></span> <span class='ocrx_word' id='word_1_257' title='bbox 632 3235 708 3313; x_wconf 78' lang='lat'><strong>730,</strong></span> <span class='ocrx_word' id='word_1_258' title='bbox 727 3253 792 3294; x_wconf 91' lang='lat' dir='ltr'><strong>oum</strong></span> <span class='ocrx_word' id='word_1_259' title='bbox 802 3238 975 3296; x_wconf 89' lang='lat' dir='ltr'><strong>Parthorum</strong></span> <span class='ocrx_word' id='word_1_260' title='bbox 990 3255 1112 3311; x_wconf 84' lang='lat' dir='ltr'><strong>regnum</strong></span> <span class='ocrx_word' id='word_1_261' title='bbox 1122 3239 1206 3313; x_wconf 84' lang='lat' dir='ltr'><strong>pulso</strong></span> 
     </span>
    </p>
   </div>
   <div class='ocr_carea' id='block_1_15' title="bbox 217 3323 1240 3411">
    <p class='ocr_par' dir='ltr' id='par_1_15' title="bbox 217 3323 1240 3411">
     <span class='ocr_line' id='line_1_33' title="bbox 217 3323 1240 3411; baseline 0.003 -30"><span class='ocrx_word' id='word_1_262' title='bbox 217 3323 353 3383; x_wconf 88' lang='lat' dir='ltr'><strong>Teridate</strong></span> <span class='ocrx_word' id='word_1_263' title='bbox 372 3325 509 3384; x_wconf 85' lang='lat' dir='ltr'><strong>rediisset</strong></span> <span class='ocrx_word' id='word_1_264' title='bbox 535 3343 651 3384; x_wconf 83' lang='lat' dir='ltr'><strong>rursum</strong></span> <span class='ocrx_word' id='word_1_265' title='bbox 677 3327 716 3384; x_wconf 84' lang='lat' dir='ltr'><strong>ad</strong></span> <span class='ocrx_word' id='word_1_266' title='bbox 743 3328 897 3386; x_wconf 82' lang='lat' dir='ltr'><strong>Phraatem</strong></span> <span class='ocrx_word' id='word_1_267' title='bbox 925 3327 977 3411; x_wconf 89' lang='lat' dir='ltr'><strong>(cf.</strong></span> <span class='ocrx_word' id='word_1_268' title='bbox 990 3330 1044 3393; x_wconf 80' lang='lat' dir='ltr'><strong>od.</strong></span> <span class='ocrx_word' id='word_1_269' title='bbox 1064 3331 1091 3406; x_wconf 84' lang='lat'><strong>1,</strong></span> <span class='ocrx_word' id='word_1_270' title='bbox 1109 3329 1155 3385; x_wconf 91' lang='grc'><strong>26.</strong></span> <span class='ocrx_word' id='word_1_271' title='bbox 1175 3330 1204 3404; x_wconf 93' lang='grc'><strong>2,</strong></span> <span class='ocrx_word' id='word_1_272' title='bbox 1237 3325 1240 3340; x_wconf 86' lang='grc'><strong>“</strong></span> 
     </span>
    </p>
   </div>
   <div class='ocr_carea' id='block_1_16' title="bbox 214 3411 1203 3854">
    <p class='ocr_par' dir='ltr' id='par_1_16' title="bbox 214 3411 1203 3854">
     <span class='ocr_line' id='line_1_34' title="bbox 214 3411 1203 3559; baseline 0.008 -92"><span class='ocrx_word' id='word_1_273' title='bbox 214 3411 334 3559; x_wconf 37' lang='grc' dir='ltr'><strong>ἕλη).</strong></span> <span class='ocrx_word' id='word_1_274' title='bbox 372 3417 455 3474; x_wconf 82' lang='lat' dir='ltr'><strong>Hanc</strong></span> <span class='ocrx_word' id='word_1_275' title='bbox 479 3417 558 3474; x_wconf 88' lang='lat' dir='ltr'><strong>enim</strong></span> <span class='ocrx_word' id='word_1_276' title='bbox 581 3435 645 3476; x_wconf 87' lang='lat' dir='ltr'><strong>rem</strong></span> <span class='ocrx_word' id='word_1_277' title='bbox 668 3420 835 3492; x_wconf 76' lang='lat' dir='ltr'><strong>respexisse</strong></span> <span class='ocrx_word' id='word_1_278' title='bbox 859 3420 975 3494; x_wconf 74' lang='lat' dir='ltr'><strong>ridetur</strong></span> <span class='ocrx_word' id='word_1_279' title='bbox 997 3423 1086 3493; x_wconf 85' lang='lat' dir='ltr'><strong>poeta</strong></span> <span class='ocrx_word' id='word_1_280' title='bbox 1109 3420 1141 3476; x_wconf 92' lang='lat' dir='ltr'><strong>in</strong></span> <span class='ocrx_word' id='word_1_281' title='bbox 1158 3436 1203 3476; x_wconf 87' lang='lat' dir='ltr'><strong>vs.</strong></span> 
     </span>
     <span class='ocr_line' id='line_1_35' title="bbox 271 3517 968 3674; baseline 0.014 -27"><span class='ocrx_word' id='word_1_282' title='bbox 271 3517 329 3576; x_wconf 47' lang='lat' dir='ltr'><strong>squ</strong></span> <span class='ocrx_word' id='word_1_283' title='bbox 609 3598 685 3655; x_wconf 88' lang='lat' dir='ltr'><strong>Hinc</strong></span> <span class='ocrx_word' id='word_1_284' title='bbox 703 3602 819 3673; x_wconf 75' lang='lat' dir='ltr'><strong>apicem</strong></span> <span class='ocrx_word' id='word_1_285' title='bbox 835 3615 940 3674; x_wconf 88' lang='lat' dir='ltr'><strong>rapax·</strong></span> <span class='ocrx_word' id='word_1_286' title='bbox 966 3629 968 3634; x_wconf 88' lang='lat'><em>·</em></span> 
     </span>
     <span class='ocr_line' id='line_1_36' title="bbox 361 3681 820 3748; baseline 0.022 -9"><span class='ocrx_word' id='word_1_287' title='bbox 361 3681 575 3745; x_wconf 74' lang='lat' dir='ltr'><strong>Fortunarum</strong></span> <span class='ocrx_word' id='word_1_288' title='bbox 593 3687 716 3746; x_wconf 89' lang='lat' dir='ltr'><strong>stridore</strong></span> <span class='ocrx_word' id='word_1_289' title='bbox 735 3694 820 3748; x_wconf 89' lang='lat' dir='ltr'><strong>acuto</strong></span> 
     </span>
     <span class='ocr_line' id='line_1_37' title="bbox 412 3775 895 3854; baseline 0.012 -22"><span class='ocrx_word' id='word_1_290' title='bbox 412 3775 544 3854; x_wconf 87' lang='lat' dir='ltr'><strong>Sustulit,</strong></span> <span class='ocrx_word' id='word_1_291' title='bbox 563 3777 611 3836; x_wconf 91' lang='lat' dir='ltr'><strong>hic</strong></span> <span class='ocrx_word' id='word_1_292' title='bbox 626 3780 762 3854; x_wconf 86' lang='lat' dir='ltr'><strong>posuisse</strong></span> <span class='ocrx_word' id='word_1_293' title='bbox 780 3781 895 3854; x_wconf 79' lang='lat' dir='ltr'><strong>gaudet.</strong></span> 
     </span>
    </p>
   </div>
   <div class='ocr_carea' id='block_1_17' title="bbox 1304 535 1384 704">
    <p class='ocr_par' dir='ltr' id='par_1_17' title="bbox 1304 535 1384 704">
     <span class='ocr_line' id='line_1_38' title="bbox 1383 535 1384 558; baseline 0 0"><span class='ocrx_word' id='word_1_294' title='bbox 1383 535 1384 558; x_wconf 86' lang='lat' dir='ltr'><strong>l</strong></span> 
     </span>
     <span class='ocr_line' id='line_1_39' title="bbox 1304 653 1310 676; baseline 0 -20"><span class='ocrx_word' id='word_1_295' title='bbox 1304 653 1310 676; x_wconf 63' lang='grc'><strong>,</strong></span> 
     </span>
     <span class='ocr_line' id='line_1_40' title="bbox 1383 687 1384 704; baseline 0 0"><span class='ocrx_word' id='word_1_296' title='bbox 1383 687 1384 704; x_wconf 83' lang='lat' dir='ltr'><strong>l</strong></span> 
     </span>
    </p>
   </div>
   <div class='ocr_carea' id='block_1_18' title="bbox 0 0 1396 4558">
    <p class='ocr_par' dir='ltr' id='par_1_18' title="bbox 0 0 1396 4558">
     <span class='ocr_line' id='line_1_41' title="bbox 0 0 1396 4558; baseline 0 2"><span class='ocrx_word' id='word_1_297' title='bbox 0 0 1396 4558; x_wconf 95' lang='lat' dir='ltr'><strong> </strong></span> 
     </span>
    </p>
   </div>
  </div>
 </body>
</html>
