2782 4558
632 1251 745 1376 Gap·
774 1252 890 1341 VH.

354 1509 356 1516 .
382 1441 426 1494 vi·
441 1441 588 1516 mean
604 1439 692 1510 qma
707 1445 826 1512 maone
840 1441 931 1498 isaar
948 1438 1126 1506 irremissa

341 1721 560 1780 semrom
583 1721 615 1782 1.
648 1727 788 1802 ansas
817 1723 934 1786 nasa
965 1723 1053 1780 urst
1103 1715 1161 1778 aas
1191 1721 1257 1774 eun

269 1813 407 1894 prologus
424 1814 493 1872 libri
511 1815 559 1894 sit,
578 1816 728 1889 probabile
747 1820 793 1874 est
810 1833 876 1875 eam
895 1817 1023 1872 extrema
1041 1811 1123 1885 parte
1141 1823 1169 1864 a.
1181 1804 1260 1879 73⁴4

238 1975 242 1986 ζ
270 1922 329 1979 qna
352 1906 482 1978 syllogen
512 1908 712 1979 pervulgatam
741 1925 808 1964 esse
838 1907 981 1980 vidimus,
1010 1903 1157 1960 exaratam
1184 1911 1257 1952 esse·

272 1995 327 2054 cui
343 1995 450 2052 rationi
467 1995 510 2050 nil
528 1994 633 2052 obstat.
672 1998 752 2062 Quin
770 2013 806 2054 co
825 1997 931 2054 certior
954 1992 1027 2050 mihi
1050 1990 1259 2061 videturesse,

270 2099 329 2156 quo
348 2083 452 2139 chrius
477 2087 581 2154 poetae
606 2085 758 2141 consilium
786 2102 824 2141 ex
849 2083 973 2158 epistola
996 2081 1099 2138 elucet
1137 2079 1205 2136 Non
1229 2091 1261 2132 se

271 2172 371 2243 aptum
389 2170 511 2242 amplius
530 2174 720 2245 paratumque
740 2191 804 2230 esse
829 2174 872 2230 ait
890 2173 929 2229 ad
953 2187 1000 2228 res
1018 2169 1144 2227 ludicras
1169 2169 1200 2223 et
1224 2165 1263 2222 ad

271 2257 400 2316 carmina
422 2258 541 2318 levioris
565 2263 728 2332 argumenti
752 2263 913 2336 pangenda.
957 2262 1064 2319 Totum
1092 2275 1124 2316 se
1151 2257 1264 2314 versari

271 2348 305 2406 in
322 2348 523 2424 philosophiae
547 2351 653 2410 studio.
677 2353 788 2427 idque
813 2370 883 2428 prae
908 2352 1030 2411 caeteris
1055 2349 1175 2422 dignum
1198 2363 1263 2406 esse
1377 2367 1378 2378 ¹

274 2440 353 2514 quod
372 2440 409 2499 ab
427 2441 562 2500 omnibus
580 2444 666 2500 enixa
684 2447 841 2523 tractetur,
866 2443 1003 2518 qnoniam
1027 2456 1113 2498 nemo
1136 2455 1196 2497 non
1220 2438 1263 2495 di-

274 2531 449 2592 versissimis
467 2533 557 2590 animi
575 2535 683 2593 morbis
702 2535 833 2612 affectus,
851 2533 1036 2610 philosophia
1055 2531 1264 2590 autemcertis·

278 2623 352 2680 rima
379 2625 410 2680 et
437 2623 641 2698 probatissima
664 2626 881 2697 omnigenarum
904 2625 994 2683 animi
1017 2622 1266 2698 perturbationum

280 2711 426 2770 medicina
444 2714 491 2771 sit.
528 2717 645 2774 Summa
671 2717 762 2789 igitur
785 2717 925 2792 epistolae
951 2715 1095 2773 sententia
1119 2715 1151 2771 in
1174 2713 1267 2787 philo-

205 2808 211 2813 ’
279 2803 400 2878 sophiae
419 2806 668 2864 commendatione
686 2807 783 2883 posita
801 2802 918 2888 cst,(ci
937 2824 965 2865 v.
976 2807 1032 2864 106
1044 2799 1114 2885 sq.).
1134 2804 1192 2862 Sed
1208 2819 1266 2876 qua

204 2889 207 2896 ’
279 2893 317 2948 de
335 2910 438 2952 caussa
456 2896 668 2972 philosophiam
686 2894 916 2957 commendanti
934 2899 1091 2972 Propterea
1102 2895 1214 2969 opinor,
1232 2896 1268 2948 ut

279 2983 374 3037 totum
390 2983 536 3063 libellum,
561 2989 643 3058 cujus
661 2990 787 3047 maxima
804 3005 873 3064 pars
892 2991 1004 3044 tantum
1022 3003 1040 3043 a
1057 2985 1168 3043 lusibus
1186 2997 1267 3042 reee-
1377 2965 1378 2996 ³

281 3068 335 3146 dit,
354 3075 494 3146 quantum
511 3076 543 3130 in
561 3078 721 3151 sapientiae
733 3080 893 3154 penetralia
905 3076 1069 3154 penetravit
1080 3065 1177 3154 poeta,
1186 3075 1268 3132 Mae-
1353 3097 1357 3112 ·

282 3161 378 3220 cenati
395 3178 414 3220 a
430 3164 525 3237 pretio
544 3167 757 3227 commendaret
775 3187 867 3246 coque
892 3169 1054 3242 graviorem
1072 3170 1103 3225 et
1115 3167 1270 3238 justiorem

282 3249 356 3308 inde
370 3256 485 3328 peterat
503 3259 733 3337 excusationem,
758 3261 837 3335 quod
859 3278 919 3319 non
943 3261 1069 3319 carmina
1085 3258 1191 3334 lyrica,
1216 3255 1270 3313 sed

282 3357 331 3400 res
350 3345 441 3404 serias
460 3348 538 3407 serlo
557 3367 689 3408 sermone
707 3355 840 3425 peractas
858 3352 1033 3410 amicissimo
1055 3348 1160 3406 lauteri
1183 3346 1270 3406 offer·

285 3433 340 3492 ret.
358 3434 425 3494 Non
442 3441 557 3512 poterat
576 3440 723 3499 dexterius
742 3444 773 3499 ct
791 3443 887 3517 aptius
905 3441 1039 3518 praefari.

359 3522 519 3586 Permirum
537 3533 568 3586 ct
584 3531 670 3604 plane
688 3532 858 3591 incredibile
877 3535 923 3589 est
946 3528 1139 3588 commentum
1155 3527 1270 3587 Kiraio-

286 3611 368 3687 aaa,
398 3615 449 3686 qur
472 3616 505 3674 in
522 3625 633 3698 quaes.
651 3641 680 3697 p.
698 3623 745 3680 re.
763 3622 914 3682 nonaum
939 3621 1041 3679 satus
1064 3619 1270 3678 anscauso

287 3700 461 3782 excitatum,
479 3710 513 3764 nt
529 3709 619 3768 Dmsi
636 3713 765 3772 Neronis·
778 3713 929 3772 victoriam
952 3712 990 3771 de
1013 3710 1171 3772 Vindelicis
1195 3725 1269 3767 anno

288 3791 352 3852 739.
371 3798 545 3890 reportatam
563 3802 688 3861 carmine
713 3805 888 3882 celebraret,
912 3803 1100 3863 honorificum
1119 3800 1151 3861 id
1164 3817 1269 3861 munus
