2782 4558
584 215 661 240 ἱ,

651 262 656 269 ,

572 269 779 338 -ξ39ψ,

268 426 330 506 sau
351 439 456 502 borum
478 439 652 518 secundum,
675 440 707 502 in
729 459 786 523 quo
808 447 856 502 est
879 459 956 582 &A
988 529 991 532 .
1068 417 1070 420 ¹

115 633 118 640 ,
236 565 239 576 ·
325 547 465 630 gaudes,
488 541 848 630 apricuslneutelllures,
1126 611 1127 614 ,

135 731 138 735 ,
185 666 254 720 'ate
278 653 321 738 [p.
346 653 420 737 165]
435 653 522 717 ‘anno
543 655 604 720 729
631 650 793 738 ascriptum
814 653 914 718 uideo.
939 653 1104 732 concedes,
1138 652 1170 716 ni

111 805 121 816 s
185 761 285 840 fallor,
308 762 421 844 aliquot
441 761 527 826 annis
549 763 631 846 prius
646 762 737 826 scribi
751 761 885 846 potuisse
910 760 995 846 ‘quis'
1010 759 1064 824 sub
1086 771 1173 824 arcto

184 877 244 934 rex
271 870 388 954 gelidae
424 879 574 935 metuatur
605 890 695 949 orae,
735 869 803 952 quid
838 868 995 932 Tiridaten
1029 867 1166 932 terreat’.

2 1026 7 1037 .
113 996 115 1002 ·
183 977 265 1041 illum
287 977 366 1041 enim
388 977 442 1042 sub
464 987 547 1040 arcto
569 993 673 1074 regern
694 978 785 1041 eredo
807 977 861 1040 tibi
883 990 984 1040 eurum
1008 969 1076 1040 esse
1093 967 1169 1060 Sty·

183 1085 300 1150 barum
322 1106 446 1169 quorum
466 1085 581 1148 auxilio
601 1083 734 1160 lustinus
758 1081 879 1168 [XLIL
903 1081 935 1163 5,
958 1081 992 1166 b]
1014 1079 1168 1146 Phraaten
1258 1099 1264 1104 ·

182 1193 214 1257 in
234 1186 359 1278 regnum
380 1193 552 1258 restitutum
574 1203 642 1258 esse
672 1193 793 1273 scribit,
827 1213 900 1276 quos
932 1190 1077 1255 Tanaitas
1110 1187 1168 1254 alio

43 1267 49 1360 f
117 1354 120 1359 ff
182 1302 314 1366 carmine
345 1298 425 1386 [lII,
448 1299 503 1384 29]
535 1311 624 1385 poeta
653 1301 817 1384 significat:
850 1300 903 1363 sed
925 1300 961 1363 de
983 1308 1116 1398 tempore
1138 1308 1168 1360 te

181 1406 315 1473 Iustinus
344 1409 482 1494 decepit,
515 1409 565 1491 qui
596 1431 662 1472 oum
695 1408 820 1472 deberet
852 1407 951 1471 dicere
982 1429 1048 1470 eum
1069 1403 1168 1469 Dione

50 1545 52 1569 t
127 1526 131 1535 ¹
184 1513 263 1598 [Ll,
286 1513 340 1598 18]
370 1514 535 1578 inAsiam
563 1517 601 1577 ad
623 1513 787 1587 Caesarem
809 1516 978 1599 profugisse
998 1512 1167 1591 Tiridaten,

182 1615 394 1710 peruerse-'in
415 1621 561 1706 Hispania
582 1621 690 1686 bellum
713 1623 796 1686 tunc
818 1609 1168 1706 temporiegerentem'

181 1729 353 1810 somniavit,
377 1729 455 1813 quod
474 1727 597 1793 ¹videbat
617 1730 752 1814 Trogum
773 1728 938 1794 subiecisse
962 1727 993 1811 [ἕ
1016 1727 1069 1811 10]
1094 1745 1169 1811 quae

183 1838 358 1922 ‘posthaec
386 1837 470 1901 linito
496 1833 693 1923 Hispaniensi
720 1836 810 1901 bello'
837 1847 924 1922 gesta
944 1843 1067 1900 ¹essent.
1100 1835 1182 1919 quid'

181 1947 259 2029 quod
279 1946 311 2010 in
333 1947 438 2012 eodem
466 1947 598 2029 carmine
625 1945 701 2010 alius
729 1961 838 2012 versus
867 1944 948 2008 inest
974 1963 1077 2030 parum
1098 1964 1169 2006 eona

181 2052 268 2118 einne
290 2054 484 2139 compositus,
905 2125 907 2132 ,

242 2209 244 2216 s
329 2163 406 2226 buno
427 2161 691 2254 Lesbiolsaerare
704 2163 846 2248 {plectra
870 2149 875 2156 ⁵
966 2245 969 2250 ,

182 2269 362 2334 cuinullum
391 2271 480 2337 alium
509 2271 636 2336 similem
667 2271 822 2356 reperias.
857 2257 920 2354 qui
938 2267 1025 2332 bodie
1045 2265 1167 2330 'Latine

181 2377 359 2456 poetantur,
382 2377 414 2438 in
428 2389 494 2441 arte
508 2379 552 2440 illi
562 2379 651 2443 valde
664 2377 824 2441 dissimiles
836 2373 1031 2459 Suu0,[sitr.
1045 2367 1104 2454 IV,
1117 2374 1166 2458 5],

182 2490 296 2545 tautum
314 2482 402 2546 abest
418 2494 451 2547 nt
466 2482 538 2546 talia
559 2484 676 2564 vitent,
697 2496 812 2548 utnon
834 2483 1013 2546 erubescant
1034 2481 1166 2546 seribere

330 2590 399 2674 quid
421 2589 804 2677 debeantlserilnepotes.

181 2709 213 2760 at
233 2695 320 2774 cultis
341 2696 463 2762 Horatii
484 2698 605 2762 auribus
634 2699 666 2762 in
688 2711 793 2783 quarta
821 2698 908 2763 buius
935 2696 1078 2763 versiculi
1106 2696 1166 2782 syl⁶

180 2802 249 2868 laba
270 2805 411 2896 desinens
432 2807 610 2872 vocabulum
631 2807 788 2879 nonsatis
810 2805 950 2884 faciebat,
973 2805 1031 2868 nisi
1052 2797 1082 2867 id
1103 2821 1166 2866 mo*
1189 2824 1191 2830 ¹

181 2911 358 2996 ¹posyllabon
381 2925 475 2993 esset,
498 2914 555 2978 boe
576 2913 677 2994 modo,
1025 2921 1026 2924 ’
1171 2898 1172 2902 “

328 3020 506 3106 vernisque!
518 3021 577 3084 iam
589 3020 594 3106 Ι
605 3021 711 3086 nimbis
722 3019 872 3105 {remotis

328 3149 398 3212 spes
420 3111 853 3214 omnislettlortunalnostri.
901 3137 903 3144 ’

180 3234 356 3321 uocabulum
378 3236 496 3320 longius
518 3249 640 3321 praeter
676 3239 766 3302 ‘buno
786 3233 912 3300 Lesbio'
947 3235 1050 3299 inveni
1071 3235 1164 3298 semel
1259 3289 1267 3296 .

181 3339 232 3404 illa
253 3342 368 3428 syllaba
389 3325 522 3424 linitum,
552 3347 606 3414 sed
627 3346 742 3410 leniore
764 3341 978 3429 compositione
998 3343 1083 3408 etin
1104 3362 1163 3406 uno

109 3472 116 3480 ·
181 3468 223 3512 ex
242 3449 302 3514 illis
324 3471 444 3532 novem,
468 3473 543 3536 quae
565 3454 641 3533 dixi,
664 3451 856 3531 carminibus,
880 3447 994 3536 [11,3]

329 3605 396 3648 sors
419 3584 737 3670 exituraletlnosliu
759 3595 914 3649 aeternnm
984 3645 987 3650 .

329 3691 451 3756 exilium
471 3693 639 3780 inpositura
659 3694 794 3780 cymbae.

263 3794 348 3860 Haec
380 3798 471 3881 igitur
499 3818 518 3864 a
544 3823 592 3866 me
625 3802 694 3866 olim
726 3801 872 3867 levandae
907 3796 1162 3863 immodulatorum

980 3897 1016 3954 16
