2782 4558
534 355 537 360 ·
576 321 781 392 —21738-
861 367 866 383 1

188 489 283 564 colligi
301 467 544 570 parascedem
563 462 707 549 aeneida
726 489 844 548 camum
858 491 898 550 rr.
917 471 1045 554 mania
1063 495 1176 558 rana.
1202 495 1214 528 ⁴
1235 487 1238 502 '
1259 502 1261 508 ’
1307 551 1310 562 .

186 581 313 642 Primum
331 583 424 660 enim,
443 599 622 657 ‘quamquam
638 581 754 642 lilinum·
769 599 787 638 a
806 583 954 641 societate*
968 585 1099 661 Pompeji
1122 589 1174 665 M,

185 674 262 731 Julii
276 673 407 732 Caesaris
426 677 457 731 et
476 675 574 732 Crassi
591 691 616 732 a
636 675 700 732 694.
719 673 793 731 inita
811 669 947 747 tanquam
966 693 984 732 a
1002 679 1095 750 primo
1113 679 1175 737 bel·

184 763 278 821 lorum
297 765 423 823 civilium
446 767 526 822 lente
554 764 736 849 ordiebatur,
766 781 833 822 eum
847 768 958 823 rtamen
984 767 1174 842 improbabile
1265 823 1267 830 ,

155 875 157 880 ·
185 860 232 912 est
250 872 286 913 eo
304 859 448 932 tempore,
464 872 521 931 quo
540 857 693 928 gliscentes
711 857 788 912 inter
807 857 997 914 Octavianum
1015 861 1045 914 et
1062 860 1103 917 M.
1114 861 1175 917 An-
1218 903 1225 916 κ

185 947 304 1003 tonium
322 946 483 1005 discordiae
507 948 626 1019 igniculi
650 944 814 1022 proximum
844 946 950 1006 bellum
967 951 1061 1006 -certo
1091 950 1175 1023 qnasi

184 1037 407 1115 portenderent,
421 1053 490 1111 ‘quo
508 1039 685 1119 reipublicae
705 1039 783 1106 salus
803 1039 889 1113 plane
910 1039 945 1095 in
961 1055 1111 1115 suspenso
1129 1057 1174 1097 es-

185 1131 245 1204 set,
270 1145 328 1202 quo
353 1129 389 1186 de
408 1133 669 1200 rerumgestarum
693 1130 806 1186 eventis
829 1129 958 1190 nondum
982 1133 1083 1205 posset
1105 1147 1174 1187 vere
1289 1137 1290 1140 ’

180 1220 214 1274 'et
232 1223 310 1277 recte
325 1219 451 1290 judicari
468 1251 507 1266 -·
526 1221 563 1278 ad
583 1220 803 1278 describendam
822 1237 891 1278 suae
904 1223 1008 1279 aetatis
1020 1215 1174 1280 historiam

140 1345 142 1348 -
184 1325 247 1366 sese
266 1311 434 1370 accinxisse.
471 1312 586 1375 Deinde
603 1313 636 1368 in
654 1315 752 1387 partes
771 1312 893 1370 vocandi
913 1315 1025 1372 sunt-v.
1044 1311 1155 1370 6-8,:
1228 1307 1233 1318 “

262 1425 263 1440 ¹
292 1421 297 1430 ¹
329 1402 511 1474 Periculosae
530 1404 647 1476 plenum
667 1419 739 1476 opus
759 1404 840 1461 aleae

365 1493 509 1569 ‘'liactas,
530 1496 560 1550 et
577 1495 693 1551 incedis
705 1511 758 1569 per
777 1494 859 1566 ignes

418 1583 589 1655 Suppositos
609 1585 699 1642 cineri
718 1585 826 1642 doloso.
960 1642 962 1648 ,

182 1673 256 1732 Nam
275 1674 302 1731 si
318 1673 516 1750 reputaveris,
535 1673 693 1733 Pollionem
712 1692 826 1751 semper
844 1675 973 1734 Antonio
998 1676 1174 1750 conjunctio-

179 1770 244 1822 'rem
262 1764 362 1840 luisse,
382 1765 477 1822 minus
496 1768 595 1822 autem·
611 1767 717 1824 favisse
730 1767 901 1843 Octaviano,
920 1769 1005 1827 facile
1017 1767 1172 1846 intelliges,

155 1873 158 1876 ·
182 1869 242 1928 quo
258 1856 442 1928 potissimum
460 1860 590 1932 tempore
603 1873 682 1932 opus
700 1857 771 1914 illud
790 1857 960 1916 historicum
975 1861 1175 1933 plcoumfflpc-

180 1945 333 2005 ricaloaac
357 1950 445 2005 oleae
469 1947 527 2005 diei
557 1949 692 2022 potuerit.
737 1949 888 2015 Quamdiu·
906 1950 958 2008 M*
971 1950 1117 2008 Antonius
1141 1951 1175 2006 in

179 2024 256 2094 'viris
275 2041 339 2096 erat
357 2041 387 2094 et
406 2037 554 2096 dimidiam
572 2041 632 2096 iere
653 2057 780 2096 summae
804 2031 958 2114 potestatis
983 2044 1096 2115 partem
1121 2041 1173 2097 ha·

180 2127 284 2204 bebat,
303 2130 388 2203 plane
406 2145 466 2186 non
484 2132 548 2186 erat
566 2147 617 2188 cnr
635 2131 726 2188 Pollio
746 2131 937 2190 Octavianum
954 2131 1071 2188 timeret
1090 2135 1120 2192 et
1137 2131 1172 2188 li·

164 2217 249 2276 'bere
268 2237 316 2276 res
346 2224 443 2292 gestes
473 2236 606 2279 enarrare
632 2223 843 2280 subvereretur.
880 2223 923 2280 At
947 2239 1013 2280 cum
1037 2222 1172 2280 Octavia-

96 2373 98 2384 Α
179 2325 234 2366 nus
254 2312 332 2368 solus
356 2329 454 2369 rerum
485 2313 595 2388 potitus
628 2316 659 2370 et
688 2313 779 2370 Pollio
796 2313 1021 2387 ¹quodammodo
1052 2313 1171 2370 victoris

180 2401 289 2472 praeda
306 2404 399 2462 laetus
425 2407 519 2479 esset,
546 2403 667 2460 arduum
685 2407 815 2476 profecto
840 2407 871 2462 et
889 2403 1083 2478 periculosum
1101 2405 1172 2461 scri-

168 2490 268 2548 'b'endi
287 2507 392 2549 munus
408 2493 517 2568 subiit,
542 2494 568 2548 si
587 2509 705 2550 severus
724 2497 985 2564 rerumgestarum
1006 2494 1099 2563 judex
1117 2510 1172 2550 nec

180 2582 308 2654 partium
330 2583 429 2640 studio
450 2599 505 2641 nec
528 2583 645 2658 ineptae
670 2584 861 2641 assentationi
877 2582 1006 2640 deditus
1027 2585 1172 2656 coeptum

180 2687 254 2744 opus
285 2676 468 2734 confecturus
498 2677 569 2732 erat
608 2676 742 2750 Denique
771 2675 849 2750 quod
872 2675 908 2732 in'
928 2692 972 2732 vs.
998 2673 1170 2744 alogiam

174 2778 289 2839 „amau
312 2769 450 2822 nondam
473 2769 606 2838 copiatis
623 2775 717 2824 ancta
736 2768 917 2826 cmoribw’
936 2756 989 2842 (ci.
1007 2763 1171 2857 Thorbeck.

178 2853 281 2927 prul
301 2852 363 2934 sq.)
381 2856 521 2919 idaeribi
538 2872 598 2914 non
615 2859 730 2930 poterat
753 2857 811 2914 nisi
835 2861 903 2930 post
927 2871 1055 2930 pugnam
1072 2853 1171 2912 Actia·
1240 2923 1244 2938 ι

178 2961 250 3003 cam.
273 2947 330 3013 Qui
350 2947 428 3004 enim
445 2947 582 3005 Horatius
601 2948 685 3006 brevi
703 2951 772 3006 ante
791 2949 855 3006 eam
874 2949 911 3006 de
930 2947 1079 3026 cruoribus
1098 2961 1170 3002 non·

171 3035 248 3092 'dum
267 3038 391 3112 expiatis
411 3039 496 3113 quasi
515 3039 619 3114 sopitis
638 3039 722 3097 bellis
740 3041 855 3098 locutus
879 3039 983 3115 inerit,
1010 3054 1075 3096 cum
1093 3037 1172 3095 inter

139 3124 142 3130 '
175 3127 370 3184 vOctavianum
389 3133 419 3186 et
437 3131 606 3188 Antonium*
619 3131 662 3188 ita
680 3132 914 3204 ingravescerc'nt
932 3129 1117 3204 inimicitiae,
1136 3130 1171 3184 ut
1290 3207 1291 3210 Ἴ

178 3216 272 3274 serius
291 3218 371 3274 ocius
389 3219 689 3293 bellumcrupturum
713 3239 778 3278 csse
803 3224 949 3280 nemiuem
975 3222 1170 3278 Romanorum
1200 3245 1202 3252 s

178 3310 279 3383 posset
316 3304 496 3382 praeteriret
545 3310 643 3381 Atque
679 3312 705 3366 si
741 3327 816 3369 vers.
852 3313 889 3368 29
926 3327 969 3382 sq.
992 3297 1169 3382 *respexeris

173 3399 272 3479 »We
288 3409 359 3458 'aea
382 3400 493 3458 Ladae
523 3397 675 3473 scopatae
701 3402 891 3476 proquodam
905 3401 1008 3457 eadem
1037 3415 1088 3456 eos
1106 3398 1169 3454 ani-
1221 3404 1240 3451 ’.

178 3491 220 3552 mi
244 3491 398 3548 affectione
414 3507 434 3546 a
451 3493 539 3564 poeta
563 3490 685 3565 scriptos
711 3506 775 3548 csse
802 3490 926 3566 senties,
952 3506 1009 3564 qua
1034 3490 1070 3547 de
1095 3489 1168 3546 mul-

179 3577 272 3651 tiplici
301 3581 443 3640 bellorum
473 3580 601 3640 civilium
636 3581 753 3640 miseria
789 3582 876 3656 paulp
896 3581 1006 3638 -serius
1032 3573 1167 3654 [conque-

179 3669 256 3727 ritur
296 3672 344 3731 od.
376 3673 421 3749 ,l,
458 3673 649 3740 earam
682 3673 737 3750 353
774 3675 805 3730 et
838 3690 895 3748 qua
929 3672 1005 3730 cirea
1039 3688 1076 3729 a.v
1100 3670 1164 3727 725.

125 3801 129 3808 .
181 3758 298 3817 sceleris
328 3763 465 3836 expiandi
495 3768 593 3838 partas
621 3764 724 3822 tribuit
754 3765 922 3828 Octaviano·
943 3764 976 3822 in
1006 3763 1057 3819 od.-
1078 3764 1110 3836 l,
1136 3761 1174 3820 2:
1248 3810 1251 3815 .
1282 3789 1283 3792 κ
1353 3798 1358 3814 ,

166 3848 220 3906 -29
236 3867 281 3926 sq.¹
314 3851 358 3910 ld·
372 3854 467 3928 ipsum
492 3859 614 3934 autem,
631 3856 845 3931 quod‘soelera
868 3856 900 3914 in
921 3853 1013 3914 bellis
1031 3851 1163 3911 civilibus
