2758 4544
506 256 732 376 ...53ss-

13 509 14 524 ἶ
133 461 184 501 cae
202 444 300 518 poesis
319 441 437 516 spiritus
454 446 484 498 et
493 442 611 501 delicias
623 441 772 501 imbibisse
785 444 941 500 verisimile
954 441 1014 501 sut
1031 445 1117 500 Prae·

131 539 212 592 terea
230 551 296 592 oum
314 534 424 590 nullum
441 549 557 590 carmen
575 533 623 610 sit,
644 535 721 608 quod
739 536 806 591 ante
824 550 950 607 pugnam
968 535 1117 592 Actiacam
1175 579 1250 614 Ὗ

131 626 271 699 scripturn
290 641 353 681 csse
373 623 523 680 evidenter
541 623 635 699 possit
651 625 785 700 probari,
809 641 868 682 non
892 627 1009 701 quidem
1033 641 1132 698 prae,
1169 635 1172 642 ’

130 719 220 774 fracte
238 715 404 788 negaverim
423 730 512 772 unum
531 716 687 772 alterumve
704 710 836 788 fortasse
871 717 967 790 priore
986 720 1116 790 tempore

130 811 226 865 ortum
244 801 376 884 essen),
398 805 449 862 sed
468 806 626 864 cavendum
644 810 726 883 puto,
744 823 782 864 nc
801 823 858 880 qua
870 807 996 864 carmina
1008 809 1117 863 temore

122 901 161 962 ¹et
184 899 248 954 sinc
273 893 354 968 justa
382 913 484 952 caussa
502 913 520 952 a
538 898 676 971 temporis
704 898 903 954 communione
931 897 1118 970 plurimorum

130 991 298 1064 arceantur,
317 990 403 1060 atque
423 987 559 1044 audacter
569 989 721 1045 Horatium
732 987 929 1046 contenderim
940 991 1119 1060 impetratura

130 1097 207 1140 cura
225 1083 292 1155 post
311 1073 418 1136 annum
436 1078 552 1138 demum
570 1095 598 1135 n.
619 1097 643 1136 c.
663 1080 726 1137 723.
747 1080 867 1137 melicae
891 1078 974 1153 poesi
999 1093 1118 1152 operam

130 1171 256 1248 dedisse,
275 1171 346 1244 quin
364 1169 504 1228 absolutis
522 1171 755 1246 pervulgatisque
767 1173 937 1230 Sermonum
955 1173 985 1226 et
1004 1167 1130 1241 epodon

129 1261 211 1320 libris
230 1264 300 1321 lauto
316 1264 382 1343 quit.

202 1355 268 1412 Jam
287 1367 459 1428 quamquam
477 1355 508 1410 in
528 1356 659 1411 confesso
678 1355 739 1429 est,
760 1353 862 1412 studiis
882 1352 931 1411 illo
950 1355 1080 1427 tempore
1099 1367 1118 1406 a

128 1445 216 1517 poeta
233 1444 373 1501 institutis
392 1448 453 1505 tres
465 1445 577 1519 priores
591 1445 748 1502 carminum
767 1461 841 1518 quac
854 1446 1009 1518 supersunt
1027 1442 1116 1501 libros

128 1535 219 1592 veluti
246 1537 370 1592 fructum
394 1535 510 1612 deberi,
540 1535 646 1610 quibus
673 1537 878 1593 consummatis
907 1534 1050 1606 editisque
1080 1549 1117 1590 ex
1205 1548 1208 1562 ’

127 1627 214 1698 longo
232 1626 384 1704 intervallo
402 1627 527 1696 Augusti
541 1627 626 1696 jussu
645 1626 758 1682 addidit
777 1629 927 1701 quartum,
953 1624 1117 1682 contestan·
1151 1605 1155 1622 '

127 1716 206 1773 tibus
226 1712 348 1780 Sueten(
363 1717 395 1772 in
412 1717 464 1772 vit.
490 1718 520 1772 et
539 1716 632 1772 Schol.
651 1716 736 1792 Aer,
761 1716 903 1788 Porphyr.
923 1717 954 1770 et
973 1715 1058 1786 Crnq.
1079 1711 1117 1770 ad
1186 1754 1190 1765 κ
1296 1783 1302 1789 ί

126 1807 174 1866 od.
196 1809 230 1882 4,
257 1806 283 1863 1.
313 1800 365 1882 (cl.
390 1805 508 1862 Kirchn.
534 1808 645 1878 quaest.
671 1822 699 1879 p.
720 1806 746 1862 7.
766 1808 825 1861 not.
847 1788 905 1882 l]):
935 1804 992 1860 duo
1020 1805 1117 1858 tamen
1212 1871 1214 1877 k

126 1899 182 1954 hac
201 1897 233 1952 in
251 1913 283 1952 re
302 1897 482 1970 inexplorata
499 1896 621 1971 restant,
640 1912 714 1969 quoe
733 1899 764 1952 ct
782 1895 899 1967 cognitu
912 1895 994 1951 utilia
1006 1894 1036 1949 et
1047 1907 1116 1948 vero

95 1977 99 1979 ’
125 1989 217 2048 etiam
242 1987 369 2044 difficilia
392 1972 579 2058 investigatu
595 1990 670 2044 snut.
708 1987 836 2044 Primum
860 1985 939 2042 euim
963 1985 1116 2057 exploran-

121 2079 211 2156 dum,
240 2095 305 2154 quo
329 2083 427 2136 aetate
443 2077 581 2148 Horatius
599 2079 692 2150 lyrica
716 2079 843 2136 scribere
868 2079 994 2138 desiuit.
1033 2074 1115 2141 Quae
1186 2091 1188 2097 ·

13 2205 14 2210 κ
127 2171 155 2230 si
172 2172 223 2227 aut
241 2171 320 2226 certo
344 2171 395 2226 aut
419 2169 609 2242 probabiliter
632 2170 750 2227 inventa
777 2173 837 2245 est,
867 2167 991 2243 patescit
1019 2165 1114 2240 simui,

127 2261 242 2333 quando
260 2261 349 2317 trium
365 2259 505 2332 librorum
529 2275 633 2334 corpus
657 2262 689 2318 in
707 2261 900 2319 Romanorum
923 2272 1025 2320 manus
1049 2273 1115 2331 per·

127 2351 248 2428 venerit.
297 2350 412 2409 Deinde
442 2367 513 2408 vcro
545 2351 594 2409 diu
625 2353 804 2426 multumque
835 2352 1028 2426 disceptatum
1059 2350 1114 2422 cst,

127 2445 225 2500 utrum
243 2446 303 2499 tres
319 2443 365 2498 illi
382 2441 451 2498 libri
476 2457 606 2506 seorsum
626 2444 656 2497 et
681 2441 796 2499 diverso
820 2447 950 2516 tempore
975 2437 1116 2508 divulgati
1210 2428 1217 2438 ’

128 2533 196 2610 sint,
216 2549 254 2594 an
273 2547 331 2588 uno
350 2533 381 2588 et
400 2530 510 2589 eodem
540 2531 625 2598 Quod
644 2547 816 2606 quamquam
834 2535 894 2588 tam
913 2529 1010 2600 exigui
1028 2527 1116 2600 pretii

124 2628 245 2695 tamque
263 2622 410 2679 levidense
430 2620 641 2693 disquisitionis
667 2624 866 2692 argumentum
888 2619 983 2678 videri
1007 2618 1114 2691 potest,

126 2719 159 2774 ut
178 2713 229 2788 qni
247 2712 315 2768 huic
339 2727 457 2785 operam
474 2713 563 2766 navat
579 2712 605 2768 is
625 2711 660 2768 de
679 2713 746 2770 lana
773 2713 891 2786 caprina
914 2709 1004 2766 rixari
1028 2709 1118 2782 queat,

127 2803 303 2878 insimulari,
328 2797 416 2859 babet
440 2795 538 2857 tamen
562 2802 592 2856 et
608 2801 705 2875 ipsum
723 2819 780 2877 quo
799 2801 1028 2875 commendetur,
1053 2800 1125 2872 tum,

128 2897 193 2953 inde
223 2891 301 2968 quod
328 2891 367 2949 ad
393 2908 456 2948 rem
482 2893 676 2950 Romanorum
702 2894 859 2950 literarium
887 2887 1115 2962 cognoscendam

130 2987 308 3060 aliquatenus
326 2983 411 3060 facit,
431 2986 493 3039 tum
512 2983 590 3056 quod
608 2984 652 3042 ita·
668 2985 815 3059 aliquanto
834 2983 941 3042 certius
961 2981 1003 3038 de
1017 2979 1113 3050 singu·

128 3076 220 3134 lorn'm
238 3074 396 3134 carminum
413 3075 557 3132 natalibus
572 3075 703 3146 judicare
721 3077 797 3135 licet.
830 3079 932 3150 Neque
952 3076 1114 3135 tamenime

129 3166 282 3242 praeterit,
313 3168 343 3222 et
366 3165 418 3222 vix
434 3182 521 3239 posse
540 3167 615 3224 hanc
632 3167 881 3240 quaestiunculam
907 3166 945 3223 ad
971 3161 1114 3238 liquidum
1188 3231 1194 3239 .

129 3257 259 3334 perduci,
276 3258 306 3313 et
324 3257 414 3312 multo
433 3256 593 3326 graviorem
611 3273 676 3314 esse
696 3260 726 3313 et
743 3259 860 3331 maioris
879 3256 966 3331 pretii
977 3255 1112 3328 priorem.

130 3349 225 3415 Quare
244 3348 388 3428 attingam
402 3346 671 3424 quidemvalteram,
697 3348 751 3404 sed
774 3349 935 3406 accuratius
960 3347 994 3401 ut
1012 3340 1115 3415 anqui-

129 3455 206 3515 ram,
235 3441 278 3496 od
299 3441 382 3514 quod
404 3452 501 3511 usquc
523 3443 641 3510 tempus
663 3437 810 3496 Horatius
834 3442 932 3516 lyrica
954 3435 1114 3506 scripserit,

129 3545 176 3585 res
194 3529 258 3602 ipsa
276 3528 394 3600 flagitat.
433 3529 517 3586 Nunc
536 3543 601 3585 cum
619 3529 756 3602 permulti
780 3530 835 3587 boc
859 3531 891 3586 in
914 3527 978 3585 loco
1002 3525 1112 3600 pertra-

131 3619 233 3675 ctando
250 3611 354 3676 mirum
372 3622 511 3693 quantum
529 3636 548 3676 a
565 3636 635 3677 vero
654 3619 866 3698 aberraverint,
886 3619 984 3678 statim
1002 3616 1039 3674 ab
1057 3613 1112 3672 ini-

112 3819 114 3822 ·
195 3811 241 3874 12)
258 3811 295 3860 cr.
312 3781 412 3862 cmv.
429 3793 472 3863 vit.
488 3828 512 3877 p.
528 3806 628 3862 Luxu.
