2782 4558
664 279 799 348 ...aaa
827 311 878 341 -.

279 447 380 513 eruitl
406 447 460 512 sed
480 458 513 510 tu
533 445 605 510 mihi
623 443 697 510 illud
717 445 795 530 qued
814 445 851 510 ab
872 443 929 508 hcc
949 444 1125 528 proximum·
1138 463 1266 522 carmen

279 567 327 621 est
357 556 565 644 considerato,
589 551 723 624 “Pastor
753 574 820 618 cum
839 550 994 616 traheret’.
1024 552 1055 617 it
1083 573 1150 617 cum
1170 574 1265 618 nemo

278 663 391 728 dubitet
424 645 494 748 quin
521 673 616 726 tutum
645 681 687 726 ex
715 658 835 727 Graece
869 661 985 724 luctum
1016 661 1049 723 in
1080 672 1262 744 argumento

275 771 344 834 licto
366 782 526 851 versetur,
554 789 654 834 nonne
683 769 764 834 dices
785 767 938 854 probabile
960 786 1030 832 esse
1051 779 1169 853 poetam
1189 769 1261 853 ipsc

273 867 416 942 lncc‘hoc
438 899 561 943 carmen
583 873 825 942 eiusdemmodi
855 897 924 940 esee
941 875 1080 940 indicare
1099 876 1261 952 uoluisse?

273 985 370 1050 simile
390 974 548 1050 artificium
568 985 600 1050 in
622 986 734 1050 duabus
750 984 898 1070 'epistolis
928 980 976 1067 [I,
999 985 1050 1050 13.
1074 983 1128 1067 14]
1146 983 1260 1048 'obser-

272 1091 379 1174 cacis,
410 1115 483 1178 quas
503 1105 588 1158 rece
611 1093 685 1158 uois
708 1093 752 1179 [p.
775 1091 851 1175 205]
875 1092 912 1156 ac
933 1111 987 1156 eos
1014 1073 1078 1156 ..η’
1101 1091 1257 1176 pannem
1292 1128 1293 1138 .

271 1201 377 1285 quibus
397 1201 560 1288 inscriptae
581 1213 662 1267 sunt.
745 1215 756 1234 ³
1173 1221 1178 1240 ¹

292 1361 293 1366 ¹
352 1330 417 1400 Gur
436 1354 512 1399 vcro
532 1335 605 1400 illud
632 1335 729 1419 ipsum
755 1353 877 1398 carmen
912 1331 1037 1398 ‘Pastor
1063 1352 1129 1396 cum
1150 1329 1254 1394 trabe·

261 1440 326 1505 ret’
357 1442 550 1525 praeteristi?
575 1442 647 1506 mibi
669 1453 751 1506 certe
773 1442 829 1506 buc
848 1440 930 1504 inter
949 1440 1045 1525 prima
1064 1459 1141 1523 quac
1161 1448 1253 1525 poeta

266 1549 391 1614 tentarit
421 1551 515 1614 luisse
548 1571 590 1614 ex
620 1550 675 1614 illc
702 1569 796 1614 versu
823 1548 945 1614 videtur
976 1567 1123 1634 apparere
1160 1543 1277 1630 ‘ignis'

264 1653 373 1722 Iliacas
396 1656 520 1721 dcmcs’.
544 1657 692 1722 adicerem
708 1657 814 1721 eadem
834 1656 956 1721 licentia
986 1655 1135 1738 insignem
1155 1651 1250 1716 ‘Teu-

264 1785 318 1828 cer
339 1775 371 1828 ct
392 1763 554 1831 Sthenelus
576 1763 698 1845 sciens',
727 1762 787 1828 nisi
808 1765 991 1829 vetustiores
1013 1762 1083 1826 libri
1103 1760 1250 1825 baberent

265 1870 398 1937 ‘Teucer
429 1871 481 1937 te'.
512 1873 585 1936 talia
613 1873 691 1936 enim
718 1873 849 1937 nundum
876 1873 1028 1957 perfectae
1056 1869 1131 1933 artis
1159 1869 1249 1948 ducu-

262 1975 529 2064 menta'quaedam
550 1979 710 2045 Horatium
731 1981 833 2045 delere
855 1980 989 2069 nuluissc
1011 1977 1070 2041 nlic
1099 1995 1246 2040 memora·
1350 2016 1351 2020 =

261 2085 316 2149 bili
342 2089 482 2172 exempla
504 2089 613 2152 ducere
634 2111 767 2174 pessum.

342 2191 379 2257 In
400 2214 437 2258 ec
456 2215 600 2259 versuum
621 2205 785 2282 systemate
807 2196 885 2279 quotl
904 2195 936 2259 ei
956 2213 1029 2278 prae
1050 2191 1161 2258 ceteris
1182 2189 1244 2273 pla-

260 2301 359 2364 cuisse
379 2301 527 2382 uidemus,
549 2303 646 2388 colun,
658 2303 780 2368 tertium
799 2315 869 2388 pcst
889 2301 1020 2386 quintam
1041 2297 1186 2386 syllabam
1207 2313 1244 2363 ea

260 2409 433 2474 condicione
461 2411 601 2475 inciditur
627 2421 662 2476 ut
689 2421 780 2478 sexta
806 2421 910 2478 teneat
937 2404 1114 2479 vocabulum
1140 2425 1243 2470 monc-

259 2517 417 2603 syllabum‚
440 2518 496 2583 hcc
517 2520 618 2600 mede,

290 2684 295 2703 ,
406 2627 527 2710 excepit
546 2628 623 2692 ictus
634 2625 856 2714 lprolpudicis.

256 2733 313 2798 boc
333 2734 366 2797 in
387 2735 558 2800 cultissimis
587 2733 767 2802 carminibus
797 2744 918 2799 secutus
948 2742 1014 2812 est,
1047 2727 1183 2814 neglexit
1209 2726 1240 2788 in

255 2841 448 2923 quibusdam,
478 2864 553 2925 quae
576 2865 630 2907 cur
650 2844 754 2932 emnia
771 2843 866 2926 primu
888 2851 920 2904 et
940 2839 1071 2906 secunde
1099 2835 1175 2900 libre
1195 2833 1239 2896 in-

206 2991 208 2995 s
255 2949 386 3011 seruerit
404 2950 499 3012 miror
518 2955 615 3034 neque
637 2962 750 3015 certam
771 2935 892 3012 cansam
911 2947 1044 3030 reperio,
1068 2944 1237 3007 sericorum

253 3055 413 3118 maximam
424 3067 538 3140 partem
560 3078 602 3120 ex
621 3056 681 3120 tuis
691 3053 859 3121 rationibus
875 3053 970 3137 primu
992 3049 1122 3114 triennia
1144 3045 1260 3130 scrip,

253 3163 293 3227 nit
313 3184 355 3228 ex
376 3185 433 3248 quo
455 3163 588 3230 earmina
619 3164 715 3250 lyrica
742 3162 841 3247 coepit
862 3162 1005 3228 condere.
1036 3157 1123 3222 buius
1154 3156 1235 3219 incu-

251 3269 316 3334 riae
338 3272 477 3357 exempla
496 3293 604 3357 ponam
626 3273 696 3351 duc,
718 3282 753 3336 ut
766 3265 987 3354 intellegantur
1006 3265 1136 3354 species.

379 3391 521 3453 ,cantare
542 3377 931 3466 rivcslatqueltruneit.'
984 3455 988 3471 ι

292 3511 293 3514 “
399 3487 478 3574 nudo
500 3486 798 3573 coerceslviperino.

248 3591 382 3658 carmina
403 3579 508 3657 ruteni
523 3574 561 3657 in¹
577 3595 683 3678 quibus
705 3595 752 3658 bis
774 3595 878 3658 formis
899 3611 971 3656 usus
993 3596 1041 3650 est
1062 3582 1136 3647 baec
1151 3591 1229 3644 suut.

247 3700 316 3764 libri
337 3698 424 3784 primi
443 3696 534 3765 XVI.
557 3698 682 3768 XXVI.
705 3698 833 3768 XXIX.
857 3694 1000 3776 XXXV,
1022 3692 1091 3760 libri
1112 3685 1232 3756 secundi
1319 3709 1323 3716 ·

125 3891 126 3896 ἵ
246 3805 274 3872 Ι.
297 3805 355 3874 lll.
378 3803 471 3875 XIII.
494 3803 585 3876 XIV.
608 3804 740 3874 xlxae
883 3799 887 3810 ’
