2758 4544
775 251 780 262 ‚

230 439 334 498 unum
352 437 499 514 videatur,
524 438 610 512 plane
629 438 683 496 hac
703 439 739 498 de
757 455 789 497 re
808 439 933 498 tacuisse
944 436 1124 498 Horatium?
1140 516 1144 522 ἱ
1163 443 1221 501 cur

230 530 348 589 tandem
375 529 562 604 pertinaciter
588 529 748 607 obmutuit,
776 547 841 587 cum
869 534 899 587 ct
931 530 1080 588 laudasset
1108 533 1221 592 sincere

229 623 355 694 Augusti
367 625 397 678 et
411 622 605 680 Romanorum
618 621 736 680 delicias
749 624 779 679 et
789 622 889 694 lugere
897 625 899 632 ’
907 625 1008 696 posset
1025 640 1094 680 vere
1107 627 1137 682 et
1155 641 1221 682 oum
1255 695 1257 698 ι

134 709 140 723 ’
230 715 358 772 omnium
370 714 474 788 plausu
485 715 631 770 mortuum
645 709 804 783 juvenemt
843 714 901 773 Gur
913 713 1065 787 splendida
1076 715 1137 772 vivi
1149 716 1222 773 ima·

230 805 297 877 gine
316 806 448 876 Augusto
467 803 563 862 denuo
580 805 688 880 vulnus
703 801 830 862 inflixitt
868 805 976 872 Quidni
1000 805 1104 864 threno
1123 807 1221 881 aliquo

229 899 357 954 fomenta
375 911 462 968 aegro
480 896 662 971 imperatbris
678 897 774 962 animo
792 896 921 972 paravit,
940 899 974 952 ut
984 895 1105 968 Virgilio
1122 898 1154 954 in
1172 898 1219 956 od.

231 988 265 1065 l,
283 988 330 1044 24·
363 988 461 1064 „Quat
478 989 656 1046 desiderio.”
691 987 732 1072 At
750 1003 788 1044 ne
813 988 934 1045 verbum
952 987 1070 1061 quidem
1089 987 1126 1044 de
1144 1005 1221 1046 mor-

173 1149 177 1158 ,
229 1083 281 1136 tuo
299 1079 436 1157 Marcello
454 1079 487 1140 iu
504 1080 615 1136 cunctis
639 1071 788 1153 poematis
807 1079 927 1154 lyricis,
956 1089 1041 1152 quae*
1059 1081 1132 1137 tunc
1156 1083 1222 1136 orta

148 1219 151 1226 ,
230 1173 299 1228 sunt
315 1201 354 1214 -
372 1171 445 1227 haec
469 1170 547 1227 enim
566 1171 627 1228 sola
650 1171 682 1227 in
700 1186 852 1236 recensum
869 1171 990 1227 veniunt
1007 1201 1046 1212 —
1063 1171 1219 1228 invenitur.

229 1263 292 1322 Nec
315 1261 374 1318 alia
397 1277 436 1318 ex
460 1277 562 1319 caussa
585 1261 618 1318 id
643 1261 842 1319 deducendum
865 1255 953 1339 puto,
978 1261 1036 1318 nisi
1055 1261 1132 1335 quod
1150 1257 1219 1318 ante

229 1357 345 1427 tempus
363 1353 494 1410 Marcelli
513 1353 670 1412 emortuale
683 1353 830 1426 divulgata
842 1356 941 1430 erant,
960 1353 980 1410 i.
994 1370 1019 1410 e.
1039 1356 1106 1409 ante
1125 1355 1219 1410 aesta·

126 1466 139 1481 ³
229 1448 290 1502 tom
308 1443 377 1500 anni
395 1444 459 1502 731.

301 1536 386 1602 'Quae
410 1551 457 1592 res
482 1535 520 1594 ad
544 1538 720 1610 persimilem
744 1554 790 1596 me
817 1538 904 1597 ducit
949 1539 1104 1610 Perpetem
1122 1551 1140 1594 a
1158 1522 1228 1609 ple)

106 1613 111 1618 ’
228 1629 327 1702 risque
358 1627 491 1684 omnibus
522 1628 680 1686 carminum
704 1628 862 1688 editionem
887 1628 925 1687 ad
949 1646 975 1685 a.
991 1629 1065 1694 736.
1096 1626 1220 1701 proferri

228 1720 296 1778 inde
316 1722 412 1796 patet,
431 1719 509 1794 quod
526 1736 671 1795 nusquam
694 1737 749 1778 nec
767 1722 881 1793 Virgilii
899 1737 953 1778 nec
971 1719 1078 1777 Tibulli
1097 1723 1219 1776 mmor-
1262 1703 1265 1718 ¹
1288 1733 1294 1750 Χ

226 1820 349 1872 morum
372 1811 481 1880 mentio
505 1813 581 1868 sacta
600 1814 662 1888 est,
688 1828 809 1887 quorum
827 1813 878 1870 ille
895 1829 920 1868 a.
940 1811 1021 1888 735.,
1040 1811 1089 1868 hic
1107 1826 1134 1866 a.
1153 1808 1219 1866 736.

229 1903 308 1962 diem
325 1919 490 1977 supremum
508 1903 589 1960 obiit.
627 1903 704 1962 Nam
726 1920 780 1976 pro
806 1903 943 1973 singulari
966 1918 1065 1958 amore
1083 1916 1141 1974 quo
1159 1901 1220 1956 Ho-

228 1995 319 2054 ratius
344 1997 497 2069 utrumquo
522 1993 750 2072 amplectebatur
764 1987 807 2074 ¹⁸)
832 1991 917 2066 plane
943 2008 1009 2047 eum
1027 1991 1219 2064 improbabile

228 2090 275 2144 est
304 2103 340 2143 ea
368 2085 485 2159 quidem
514 2087 656 2161 carmina,
687 2099 761 2157 quae
787 2082 825 2140 ad
848 2082 999 2154 Virgilium
1024 2084 1054 2138 et
1072 2081 1219 2138 Tibullum

227 2181 312 2236 ciros
331 2177 462 2254 scripsit,
488 2177 571 2235 brevi
595 2178 663 2250 post
686 2175 798 2232 obitum
817 2190 916 2231 eorum
935 2173 1061 2244 syllegae
1081 2187 1151 2230 suae
1168 2172 1234 2228 in-‘

228 2269 418 2346 terposuisse,
437 2269 562 2328 tacuisse
572 2284 642 2325 vero
653 2267 688 2323 dc
695 2283 807 2340 nupera
819 2264 1058 2332 amicissimorum
1070 2265 1219 2321 hominum

228 2364 322 2419 morte
345 2361 417 2434 ipsa.
457 2361 535 2427 Quin
557 2358 660 2434 perfidi
683 2374 776 2432 paene
801 2361 832 2413 et
856 2355 962 2413 cortice
986 2355 1103 2414 levioris
1132 2355 1218 2413 amici

229 2453 318 2510 etiam
336 2468 412 2508 nunc
430 2454 591 2509 mercretur
607 2465 730 2525 nomen,
756 2449 782 2504 si
806 2464 907 2505 recens
934 2447 1084 2504 defunctos
1103 2463 1140 2504 nc
1159 2463 1218 2506 una

194 2609 200 2614 r
222 2543 346 2616 -quidem
364 2543 466 2602 vocula
475 2541 615 2600 moeroris
624 2542 711 2615 plena
721 2541 899 2598 honorasset
937 2538 1093 2596 Laetamur
1109 2541 1218 2614 tomen,

228 2637 308 2712 quod
332 2634 367 2692 ed
392 2635 498 2692 certius
523 2633 608 2703 hujus
635 2647 702 2688 cum
719 2629 927 2688 criminationis
948 2629 1098 2688 absolvere
1116 2646 1219 2704 possu-

228 2744 308 2804 mus,
335 2743 392 2803 quo
417 2725 525 2782 diufius
550 2726 618 2780 ante
643 2723 773 2780 ultimam
796 2738 894 2779 rerum
923 2721 1030 2779 lineam
1053 2719 1166 2792 Virgilii
1188 2721 1219 2776 et
1307 2768 1314 2790 ,

227 2819 335 2880 Tibulli
354 2817 512 2876 carminum
529 2815 619 2872 libros
640 2814 801 2885 divulgatos
821 2830 886 2869 esse
905 2815 1026 2870 constat.
1187 2810 1190 2821 “

301 2910 345 2966 Ac
364 2909 400 2965 de
419 2905 534 2976 Virgilii
552 2905 670 2978 quidem
687 2907 779 2960 morte
791 2903 943 2960 Horatium
955 2906 1058 2966 ,tacere
1076 2899 1217 2977 potuisse,

228 2998 391 3057 mirandum
422 2997 501 3053 esset
526 3011 561 3051 eo
585 2995 693 3071 magis,
724 2994 944 3066 negandumque
959 3009 1005 3049 ·eo
1032 2991 1155 3062 justiore
1181 2991 1217 3047 de

228 3105 347 3166 caussa,
367 3089 393 3145 si
406 3086 468 3143 'oda
486 3085 552 3142 libri
571 3085 594 3141 1.
620 3085 708 3141 tertia
731 3086 818 3161 paulp
843 3087 909 3143 anto
930 3084 1002 3159 iter,
1029 3080 1106 3155 quod
1124 3081 1218 3153 Virgi-

227 3184 284 3241 lius
303 3182 335 3238 in
354 3175 505 3237 Graeciam
524 3176 652 3250 suscepit
670 3179 701 3232 et
720 3193 758 3233 ex
770 3192 826 3250 quo
844 3175 938 3233 redux
948 3173 1096 3230 Brundisii
1113 3190 1139 3230 a.
1154 3173 1217 3230 735.

229 3273 371 3348 decessit,
391 3269 501 3342 scripta
519 3269 598 3324 esset
614 3299 653 3312 -
671 3270 705 3324 ut
723 3269 809 3340 vulgo
827 3267 989 3342 opinantur.
1028 3264 1100 3331 Quis
1119 3263 1219 3320 credat

228 3366 323 3441 enim,
341 3360 493 3422 Horatium
510 3359 542 3416 in
561 3361 626 3434 ipso
644 3359 712 3417 libri
730 3359 850 3416 exordio
873 3357 957 3414 brevi
978 3359 1133 3428 antequam
1151 3352 1219 3410 ede·
1287 3397 1289 3402 .

204 3459 275 3512 ·ret
302 3457 433 3527 tempore
458 3450 530 3508 illud
555 3467 671 3507 carmen
695 3449 867 3523 collocasse,
891 3462 1002 3521 neque,
1033 3445 1112 3518 quod
1136 3443 1220 3500 irritu
1296 3459 1308 3476 ·

170 3557 173 3562 “
229 3562 283 3604 sua
300 3545 390 3603 verba
415 3544 445 3599 et
468 3543 537 3599 vota
560 3541 665 3615 quibus
683 3538 834 3610 Virgilium
856 3539 1028 3611 prosecutus
1047 3537 1126 3592 esset
1144 3534 1220 3594 ceci

229 3685 429 3700 m

267 3757 271 3762 ·
294 3754 341 3818 rs)
358 3753 389 3801 a.
405 3751 444 3800 os
461 3750 485 3811 1,
502 3753 544 3803 aa.
561 3754 587 3799 et
603 3748 673 3813 epm
689 3745 719 3806 r,
736 3744 761 3797 l.
778 3746 817 3796 aa.
835 3745 859 3807 ι,
877 3745 903 3796 a
918 3743 949 3806 1,
966 3743 1007 3796 as.
1025 3746 1078 3814 sau
1095 3711 1119 3806 t,
1137 3747 1161 3795 a.
1179 3741 1219 3794 to.

230 3815 465 3882 ammam
