2758 4544
501 307 506 329 ι
617 349 660 361 *-
699 313 743 380 68
783 349 825 361 ,-
852 338 856 354 ι

116 453 135 468 ·’
231 439 269 558 μ’
286 481 341 541 313
366 497 408 556 sq.
435 481 544 557 optime
569 461 709 553 probavit
727 437 877 538 Kirchner.
903 479 935 536 in
959 481 1069 552 quaesi·
1096 497 1125 554 P·
1146 481 1172 538 8·
1194 479 1222 560 §-

219 574 372 634 ‘lu-23.
393 575 469 647 etp.
488 573 534 628 30.
554 567 582 647 β.
602 571 746 628 56-59.
785 571 859 628 Mihi
878 569 1069 628 nondubium
1088 575 1135 628 est
1152 574 1224 646 quin
1317 603 1321 616 ι
1371 595 1372 606 ¹

230 665 355 723 tria·illa
373 663 519 736 volumina
537 677 596 719 ono
621 665 655 718 et
676 661 778 722 eodem
802 666 931 734 tempore
951 663 1126 735 conjunctim
1144 664 1224 720 edita

232 757 291 814 sint
311 746 340 813 a.
366 755 430 812 730.
455 753 609 829 vel·731.,
634 769 700 810 cum
723 769 783 810 non
808 753 900 810 solum
924 754 1018 828 primo
1042 756 1073 812 et
1096 753 1224 812 secundo

231 847 341 905 inserta
365 845 424 902 sint
448 843 591 920 carmina,
617 858 691 916 quae
716 860 734 901 a
757 843 822 902 730.
842 847 922 902 certo
940 848 1004 902 orta
1023 847 1090 902 sunt
1109 837 1174 924 (od.¹
1196 844 1223 920 1,

230 938 276 994 24.
302 937 337 1013 2,
357 934 422 1016 4.),
441 935 501 992 sed
524 935 557 992 in
580 934 668 992 tertio
693 935 782 992 etiam
804 935 1006 1011 inveniantur,
1032 951 1107 1009 quae
1132 935 1223 992 multo
1264 953 1266 960 ’

230 1029 297 1086 ante
326 1027 407 1085 illum
434 1043 541 1084 annum
569 1019 632 1103 (od.
653 1025 688 1102 3,
706 1023 759 1104 6.).
803 1025 925 1083 Etiamsi
950 1041 1020 1083 vero
1049 1025 1114 1100 quis
1141 1025 1223 1083 litem

230 1122 362 1196 moveat,
388 1117 466 1192 quod
489 1113 565 1174 liber
589 1115 733 1177 secundus
764 1117 909 1190 epilogum
932 1118 1039 1176 babeat
1064 1119 1094 1174 ct
1118 1116 1222 1174 tertius
1268 1104 1270 1108 ¹

230 1209 342 1286 prologi
361 1209 506 1284 speciem,
530 1208 573 1265 ita
591 1210 624 1264 ut
642 1207 690 1265 hic
714 1208 871 1280 separatim
895 1208 1019 1266 emissus
1044 1224 1109 1265 esse
1134 1210 1223 1281 queat

205 1315 208 1324 “
230 1300 338 1358 videri:
362 1299 462 1356 nescio
487 1301 586 1356 tamen
602 1314 649 1354 -an
672 1298 720 1355 vel
746 1315 783 1356 ex
802 1314 853 1375 co,
878 1300 957 1373 quod
976 1298 1056 1356 tertii
1073 1298 1141 1355 libri
1160 1297 1221 1371 epi-

229 1392 312 1462 logus
332 1390 447 1448 sublimi
467 1406 520 1446 sua
535 1391 641 1448 natura
658 1388 714 1448 toti
725 1389 818 1461 magis
831 1391 945 1464 corpori
957 1405 1043 1464 quam
1054 1387 1105 1446 uni
1122 1387 1221 1444 libello

230 1481 365 1538 convenit
384 1484 413 1538 et
431 1483 514 1556 quod
531 1484 635 1539 eodem
653 1485 749 1540 metro
767 1485 948 1557 compositos
972 1488 1018 1540 ert
1039 1495 1099 1556 qao
1115 1479 1221 1552 proto-

139 1569 141 1576 ’
228 1589 288 1647 pm
302 1573 408 1649 priori,
427 1571 586 1628 communis
605 1565 731 1629 liborum
742 1571 833 1630 editio
845 1572 1011 1630 verisimilis
1029 1572 1079 1628 liat
1096 1573 1127 1627 et
1145 1585 1221 1627 com·

229 1661 376 1738 probetur.
407 1662 597 1736 Quamquam
614 1662 677 1718 fieri
695 1678 733 1736 po
734 1661 806 1738 tuit,
825 1665 857 1719 ut
876 1679 934 1739 uno
952 1663 1000 1720 vel
1018 1637 1222 1738 duobusmen·

229 1753 309 1811 sibus
323 1755 396 1828 post
414 1752 508 1810 editos
526 1752 639 1829 priores
657 1752 749 1810 libros
761 1755 839 1811 ioras
858 1729 977 1812 daretur
987 1733 1107 1814 tertius.
1138 1751 1222 1810 Unde

229 1843 337 1906 dixerit
355 1843 500 1918 quispiam
518 1843 672 1906 Horatium
684 1844 722 1901 ad
734 1845 893 1919 permirum
905 1859 1021 1902 carmen
1039 1844 1106 1902 libri
1124 1842 1161 1900 11.
1174 1842 1220 1900 2⁰.

224 1933 319 2012 „Noa
336 1934 668 1994 mitatffscribendum
680 1935 835 2010 impulsum
848 1952 921 1996 esse.
959 1935 1115 2009 Nequeunt
1126 1938 1223 1992 tamen
1339 1949 1343 1956 ¹

228 2027 300 2084 baec
318 2026 416 2084 omnia
434 2025 800 2084 evidenterdemonstrari.
810 2100 823 2123 ᾖ

276 2181 289 2187 ..
304 2117 413 2175 Sufficit
442 2117 587 2195 tenuisse,
616 2120 677 2174 tres
706 2115 864 2193 carminum
891 2118 981 2176 libros
1008 2117 1046 2175 ad
1074 2133 1100 2174 ι.
1129 2131 1223 2190 usque

229 2225 258 2266 a.
277 2224 303 2266 c.
317 2207 382 2266 731.
401 2216 479 2268 certo
497 2205 647 2280 confector
661 2203 775 2280 sulem
794 2208 968 2282 eosdemque
985 2209 1146 2267 omisimilc
1157 2223 1223 2266 ease

230 2298 285 2356 sub
312 2297 391 2356 idem
414 2302 529 2374 tempus
557 2314 615 2354 uno
642 2297 787 2376 volumine
812 2297 844 2355 in
868 2301 928 2356 tres
952 2302 1052 2374 partes
1078 2297 1171 2356 diviso
1189 2296 1231 2356 in.

137 2378 139 2382 ¹
229 2391 322 2448 lucem
346 2389 499 2464 prodiisse.
542 2389 695 2463 Utcunque
720 2391 817 2447 tamen
841 2389 948 2449 edendi
971 2389 1048 2450 ratio
1066 2388 1136 2466 icit,
1162 2405 1222 2447 non

228 2481 270 2538 ita
293 2483 385 2538 multo
409 2485 476 2556 post
495 2481 704 2538 conlectionem
722 2479 861 2537 Horatius
881 2469 1000 2540 Gaesari
1019 2481 1151 2552 Augusto
1168 2496 1221 2537 no-

228 2588 295 2630 vam
319 2573 450 2646 syllogen
474 2571 588 2628 misisse
615 2569 744 2647 videtur,
769 2573 802 2627 ut
821 2573 902 2645 patet
921 2589 959 2629 ex
977 2573 1102 2645 epistola
1121 2572 1154 2649 1,
1175 2571 1221 2631 13.

224 2661 324 2733 jocose
359 2664 398 2720 ad
425 2655 543 2724 Viniu'm
576 2661 706 2720 Asellam
732 2664 866 2721 nuntium
896 2663 1014 2737 scripta.
1069 2663 1127 2729 Qui
1155 2679 1220 2742 cum

226 2756 349 2830 dynato
366 2745 583 2832 cunamen)
600 2767 654 2825 per
678 2752 784 2829 clivos,
810 2753 945 2831 flumina,
969 2754 1052 2810 lanas
1074 2754 1221 2828 adimpe-

227 2849 353 2902 ratorem
371 2847 498 2920 perferre
512 2843 612 2916 jussus
625 2843 680 2918 sit,
699 2859 737 2900 ex
755 2845 824 2902 villa
841 2847 945 2920 opinor
963 2846 1070 2903 Sabina
1086 2845 1221 2916 migravit

228 2935 364 3012 Βοιιιιιιι,
383 2935 433 2992 ubi
452 2938 514 2990 lum
530 2935 680 3004 Augustus
705 2950 743 2990 ex
759 2935 901 3009 Hispania
925 2935 1018 2993 redux
1041 2935 1218 2993 versabatur.

228 3027 272 3084 Ea
290 3029 387 3084 autem
411 3027 507 3081 aetate
532 3023 669 3097 quoniam
688 3039 775 3097 saepe
795 3025 980 3103 aegrotabat,
998 3042 1058 3083 non
1076 3025 1169 3083 solum
1186 3025 1219 3082 in

228 3117 369 3191 Hispania
397 3114 448 3172 sed
477 3114 566 3170 etiam
595 3111 704 3170 Rornae
733 3115 904 3184 gravissimo
938 3117 1039 3175 morbo
1069 3119 1219 3191 correptus

228 3209 315 3281 paulo
339 3208 421 3282 post,
446 3203 628 3277 aptissimum
652 3205 716 3260 erat
740 3205 818 3278 quod
836 3207 974 3265 Horatius
996 3208 1146 3266 tabellario
1165 3223 1219 3264 suo

228 3297 383 3358 inculcavit
401 3279 542 3378 monitum
561 3312 588 3351 v.
609 3296 652 3352 3..:

326 3365 528 3465 .;,‚A'agusto
546 3385 651 3444 reddes
671 3387 784 3460 signata
802 3391 963 3496 volumina,
984 3391 1068 3465 Vini,

357 3479 405 3534 Si
424 3481 559 3554 amicius,
578 3477 604 3533 si
621 3480 719 3539 laetas
737 3481 808 3556 erit,
827 3481 852 3538 si
873 3481 996 3555 denique
1013 3479 1143 3552 poscet’

229 3569 314 3628 Anno
332 3567 395 3626 732.
421 3567 516 3626 medio
540 3568 688 3640 Augustus
712 3585 812 3628 rursus
836 3571 953 3644 reliquit
977 3571 1105 3628 Romam.
1151 3569 1216 3638 Qua

229 3703 426 3726 ..s—m-

295 3797 340 3863 21)
356 3799 462 3852 Libellos
478 3799 515 3860 (v.
527 3801 577 3865 l.‚)
594 3802 983 3868 libraminis-oculandis),
1001 3805 1215 3868 summaquense

228 3868 320 3932 possint
336 3867 417 3916 neuim
432 3881 551 3930 auresque
567 3871 654 3918 morari
671 3869 783 3920 Caesada
800 3870 837 3930 (v.
855 3869 967 3932 tvm-J
