2790 4566
548 267 755 335 ..357-

158 428 259 502 quovis
278 429 404 495 bomine·
413 429 535 502 prodigo
553 428 682 502 θετικῶς
700 429 845 508 positum,
863 447 933 510 qua
928 448 970 489 re
989 433 1067 510 apud
1084 431 1145 494 llo·

156 520 262 579 rab'um
277 521 328 576 *nil
351 537 398 578 me
419 520 519 592 judice
547 521 736 596 frequenti.
762 537 790 576 v.
809 522 921 579 Weich.
946 527 1023 606 poet.
1043 527 1094 584 rel.
1113 543 1143 600 p.

157 611 213 668 412
232 627 274 683 sq
300 612 418 670 Passov.
444 615 514 668 not.
529 613 603 670 173.-
631 613 787 686 Perperam
811 611 953 670 Wieland
981 615 1018 672 ad
1036 617 1095 684 Sat.
1117 618 1142 674 l.

155 703 215 758 nef.
237 702 281 758 12.
302 705 332 758 et
350 702 498 760 Maeuium
517 706 547 759 et
565 704 777 798 Nomentanum
795 701 909 760 Horatii
927 706 1065 762 memoria
1078 706 1147 781 jam

156 791 306 852 demnctos
324 793 416 856 fuisse
430 792 580 864 iudicavit.

231 977 422 1036 urm
440 977 487 1034 11·
512 915 943 1056 „Aaaoataj‹1rucccoucytu“
958 982 988 1035 et
1005 979 1070 1054 ipsa
1083 998 1143 1038 cer·

155 1068 192 1125 tis
211 1069 317 1128 aetatis
335 1069 413 1126 notia
437 1072 526 1126 caret.
564 1070 622 1126 Sed
638 1069 684 1126 ,ob
703 1071 874 1143 probrosam
892 1070 1056 1146 licentiam,
1086 1087 1145 1144 qua

155 1161 241 1232 poeta
258 1160 404 1233 impudica
429 1158 575 1232 quaelibet
599 1163 630 1216 et
654 1161 797 1240 flagitiosa
824 1161 931 1232 agresti
955 1177 1054 1238 paene,
1072 1172 1152 1218 voce‘

156 1249 263 1326 effutit,
295 1250 422 1309 dubitari
438 1266 510 1308 Ιιιοιι
538 1254 637 1326 potest
656 1253 739 1325 .quin
768 1256 881 1310 maturo
906 1252 977 1310 satis
1002 1254 1143 1328 tempore,

155 1342 281 1398 omnium
305 1345 426 1410 fortasse
452 1342 562 1418 prima,
588 1343 631 1418 ab
650 1343 713 1416 ejus
738 1361 825 1402 manu
848 1345 983 1418 profecta
1001 1341 1049 1400 sit.
1089 1341 1144 1400 Cui
1210 1333 1212 1338 ’

154 1433 335 1505 conjecturae
356 1434 419 1504 Jam
436 1433 491 1490 hoc
516 1435 610 1509 favet,
636 1435 713 1508 quod
731 1451 790 1492 non
809 1436 901 1492 solum
919 1435 986 1490 ante
1011 1435 1144 1506 quartam

154 1517 206 1603 (cf.
226 1540 253 1581 v.
272 1525 319 1582 27.
340 1527 370 1580 et
389 1524 424 1598 4,
448 1524 495 1580 el.
516 1526 546 1579 et
564 1519 628 1602 92.)
648 1528 678 1581 et
697 1526 838 1582 decimam
856 1520 938 1604 (coll.
959 1524 993 1599 4,
1012 1524 1031 1578 6
1050 1526 1144 1598 suet
1181 1509 1185 1522 ’

155 1615 200 1691 10,
219 1616 235 1672 1
258 1631 300 1688 sq.
320 1617 352 1670 et
369 1630 413 1670 vs.
432 1607 496 1694 50.)
515 1613 669 1671 manifesto
689 1616 797 1688 scripta
816 1618 877 1691 est,
897 1613 950 1682 sed
969 1613 1057 1670 etiam
1076 1616 1143 1670 ante

152 1705 285 1781 tertiam,
313 1704 437 1776 quia-in
461 1707 561 1762 nostra
579 1703 695 1774 Tigellii
719 1721 820 1761 recens
840 1703 982 1778 defuncti,
1008 1703 1040 1760 in
1057 1703 1143 1760 tertia
1247 1767 1249 1774 ¹

151 1811 222 1854 vero
241 1799 274 1851 ut
292 1795 401 1852 dudum
419 1794 525 1850 mortui
543 1793 652 1850 mentio
669 1795 710 1850 fit.
730 1793 901 1852 cf..Kirchn.
922 1796 1033 1866 quaest
1053 1810 1082 1867 p.
1096 1793 1141 1850 52.

150 1883 181 1964 §-
201 1887 229 1943 7.
267 1882 408 1956 Maiorem
426 1889 524 1943 autem
541 1884 776 1959 probabilitatem
800 1885 873 1946 haec
898 1882 1025 1968 suspicio
1050 1882 1143 1956 adipi·
1193 1899 1196 1903 ·

151 1978 244 2036 scitur
261 1976 346 2052 inde,
371 1976 449 2050 quod
467 1977 604 2033 Horatius
623 1976 698 2033 hanc
718 1976 836 2032 satiram
859 1975 949 2032 multo
974 1976 1041 2052 ante
1066 1989 1142 2032 com-

150 2068 259 2144 posuit,
279 2083 365 2142 quam
374 2068 552 2125 Maecenatis
570 2067 764 2124 familiaritate
783 2069 814 2123 et
831 2053 992 2140 patrocini'o
1003 2065 1141 2122 uteretur.
1176 2123 1180 2128 ,
1247 2125 1250 2132 ,

151 2158 282 2218 Efficitur
299 2159 330 2215 id
349 2159 501 2216 notissimo
518 2160 569 2216 illo
587 2175 674 2216 versu
691 2158 757 2217 25.ι
980 2213 982 2220 .

298 2252 473 2320 Matcluaus
490 2253 600 2310 tucius
618 2254 754 2310 dammare
773 2251 928 2326 ambulat,
1015 2301 1020 2309 ,

152 2360 211 2418 quo
228 2343 325 2416 ipsum
341 2343 542 2402 Maecenatem
560 2343 641 2414 tangi
660 2345 690 2398 et
709 2342 789 2416 carpi
809 2341 873 2412 jam
891 2355 949 2398 uua
973 2343 1004 2396 et
1022 2355 1142 2398 conscu-

152 2435 230 2492 tiens
247 2435 307 2492 VV.
326 2435 391 2491 DD.
409 2448 471 2488 ‚vox
488 2435 543 2507 est,
563 2432 605 2488 ita
624 2415 751 2508 quidem,
773 2434 807 2488 ut
826 2432 893 2505 post
911 2447 963 2506 ea,
983 2446 1056 2510 quae
1076 2446 1143 2486 acu·

151 2525 265 2584 tissime
284 2525 315 2580 et
333 2521 527 2580 eruditissime
547 2537 635 2595 super
653 2521 708 2577 hoc
726 2522 789 2580 loco
808 2520 945 2591 deinceps
959 2519 1144 2592 disputarunt

151 2616 359 2673 ammonae
382 2614 415 2668 in
432 2611 593 2682 Mytholog.
617 2614 687 2668 tom.
712 2612 735 2668 1.
761 2628 790 2685 p.
815 2599 957 2686 334'sq.;
985 2609 1143 2668 Wactcrc.

151 2707 231 2781 poet.
251 2703 302 2760 rel.
322 2719 351 2775 p.
371 2701 539 2757 429-457.
560 2704 590 2756 et
609 2701 645 2757 de
663 2705 729 2762 Var.
750 2703 780 2758 et
800 2702 879 2759 Cass.
899 2717 928 2774 p.
948 2699 1012 2777 4lr5
1030 2696 1141 2757 Theod.

151 2797 280 2858 sebnia.
298 2793 331 2850 in
349 2791 443 2848 diurn.
470 2789 604 2848 scholast.
629 2790 794 2848 Darmstad.
814 2806 881 2846 ann.
902 2789 984 2846 1829.
1010 2789 1085 2846 Seet
1104 2787 1141 2844 IL

153 2891 222 2946 fase.
242 2885 288 2942 35.
308 2873 337 2958 p.
357 2883 412 2940 284
431 2899 492 2960 sq.;
511 2881 668 2940 Kircboer.
686 2881 718 2938 in
737 2883 848 2955 quaest.
867 2896 897 2953 p.
917 2880 954 2936 50
973 2895 1015 2952 sq.
1035 2875 1063 2955 §.
1082 2878 1144 2933 4-

152 2977 181 3058 1.
200 2979 229 3035 6.
249 2970 302 3056 (cf.
321 2977 438 3034 Passer.
457 2976 517 3032 not.
537 2973 583 3029 50.
602 2989 631 3048 p.
644 2971 751 3033 XLHI.
777 2974 806 3028 et
824 2972 883 3028 not.
906 2969 968 3026 125.
990 2961 1070 3048 166.)
1088 2983 1143 3024 nec

154 3069 285 3128 refellere
309 3084 383 3141 opus
402 3066 441 3123 sit
460 3083 526 3142 eos,
552 3063 603 3138 qui
621 3064 695 3121 hanc
720 3062 894 3120 sententiam
918 3061 1143 3119 Scholiastarum

153 3163 286 3218 veterum
303 3157 476 3214 testimoniis
496 3160 527 3217 et
545 3157 671 3214 Senecae
683 3153 849 3229 philosophi
862 3152 985 3226 epistola
998 3150 1061 3208 114:
1074 3164 1142 3206 con·

154 3251 294 3308 firmatam
312 3247 499 3323 explosemmt
517 3243 566 3326 (ut
585 3246 653 3302 fecit
670 3243 842 3302 Wiclaudss
834 3259 866 3299 m
883 3244 943 3300 not.
964 3242 990 3298 4.
1011 3239 1096 3296 adh.
1116 3243 1141 3294 ct

155 3345 185 3398 et
202 3337 348 3398 Vanderb.
367 3338 400 3394 in
418 3337 463 3394 ed
483 3351 570 3394 carm.
595 3327 1142 3478 vol.1.p.369.‚)‚,1;ecorusiusca1n

156 3430 351 3505 comprobare
390 3395 447 3484 Sed
471 3442 672 3502 percurramus
698 3425 820 3497 singula.
859 3423 894 3480 Sc
915 3422 1035 3478 oliastae
1053 3418 1142 3491 igitur

154 3521 299 3582 Malcttm'
315 3519 432 3578 nomine
445 3515 472 3598 ’1
502 3518 531 3577 0.
555 3517 683 3576 ermom
697 3510 908 3576 Maecenatem
926 3509 1062 3585 castigari
1080 3525 1141 3568 cer·

156 3654 351 3665 ...ῳ-ψ.

222 3729 254 3842 l2)
269 3727 440 3842 Diffpm
458 3730 483 3777 et
499 3726 660 3790 originatione
678 3725 744 3776 vocis
762 3741 784 3775 v.
801 3723 878 3774 Beutl
895 3721 927 3772 ad
943 3721 966 3771 1
982 3721 998 3769 l.
1016 3723 1041 3770 et
1051 3715 1141 3768 Weleb

155 3811 179 3859 p.
195 3808 222 3843 ¹⁰
254 3808 279 3856 l·
359 3809 395 3856 ⁸4·
