2790 4566
561 335 604 347 ..
643 297 685 366 93
725 335 767 348 ...

458 530 460 534 ,
613 465 728 526 Beatus
746 465 886 525 ranam
903 470 982 528 ultro

318 559 435 618 vetatis
453 557 553 630 capsa
571 562 601 615 ct
616 558 764 632 imagine,
782 572 848 614 cum
865 574 930 616 mea
947 574 1032 618 nemo
1115 605 1119 618 ,
1200 579 1212 595 ¹⁴

185 673 187 680 .
301 650 431 724 'Scripta
448 649 528 720 legat
544 649 629 719 volgo
648 647 770 710 recitare
790 647 918 706 timentis
936 648 974 707 ob
992 650 1066 707 hanc
1082 667 1153 727 rem,
1197 690 1199 693 -

318 740 408 808 Quod
424 743 506 816 sunt,
530 756 602 813 quos
621 753 711 810 genus
731 738 786 798 hoc
804 739 922 797 minime
936 739 1034 818 juvat,
1053 744 1154 816 utpote

565 832 662 906 plures
718 857 720 866 1

320 923 437 998 Culpari
455 923 565 994 dignos.

169 1018 329 1076 Nemeum
348 1015 463 1090 exeis,
489 1031 562 1088 quae
588 1015 627 1082 de,
649 1015 704 1073 hoc
728 1015 851 1084 Fannio
870 1009 1068 1096 (Quadrato),
1089 1016 1156 1090 sati·

162 1123 268 1168 ,rarum
287 1105 431 1179 ,scriptore
457 1107 497 1162 et·
518 1105 639 1182 „inepto
663 1106 854 1178 Hermogenis
879 1107 994 1178 'ligellii
1019 1107 1157 1164 conviva”

170 1192 247 1275 (Sat.
268 1199 295 1273 l,
316 1196 359 1253 10.
379 1193 457 1276 eol,
482 1198 638 1256 memoriae
659 1198 849 1272 prodiderunt
868 1197 1060 1276 scholiastae,
1086 1198 1158 1255 satis

155 1291 324 1364 appareat,
349 1288 453 1345 Fannii
479 1289 587 1363 scripta
612 1293 642 1346 et
665 1291 822 1362 imaginem
846 1289 964 1360 honoris
995 1305 1098 1347 caussa
1126 1289 1158 1346 iu

170 1379 373 1436 bibliothecam
392 1379 517 1456 aliquam
536 1379 632 1437 delata
649 1380 748 1454 ibique
768 1380 901 1454 deposita
919 1397 1000 1438 esse:
1018 1381 1082 1438 veri
1099 1397 1159 1438 non

171 1473 215 1526 cst
233 1470 364 1540 absimile
383 1471 599 1541 intelligendam
612 1489 676 1528 csse
691 1472 897 1530 bibliothecam
907 1471 1004 1529 Asinii
1021 1473 1159 1531 Pollionis

139 1543 141 1548 ’
170 1577 235 1618 ann.
255 1546 424 1618 1154116.
444 1561 590 1618 conditam
609 1556 653 1640 (a
675 1563 846 1620 moneare
858 1579 887 1635 p.
900 1563 936 1618 aa
956 1559 1032 1642 su),
1054 1581 1158 1640 „prae-

171 1653 270 1710 sertim
289 1669 354 1710 cum
371 1651 451 1708 idem
465 1639 559 1707 homo
577 1650 782 1710 bibliothecam
797 1652 907 1725 primus
920 1657 1069 1712 auctorum
1087 1655 1158 1712 ima·

171 1743 285 1814 ginibus
305 1743 467 1817 ornaverit,
493 1741 545 1814 qui
568 1756 631 1801 mos
657 1743 693 1798 ab
719 1759 754 1798 eo
773 1742 841 1798 inde
859 1745 990 1818 tempore
1008 1744 1160 1822 invaluit,⁷’

170 1838 203 1890 ut
222 1835 263 1890 ait
281 1833 443 1890 Thorbeck.
463 1847 492 1905 p.
512 1831 557 1888 41.
577 1833 703 1907 Tempus
723 1836 801 1890 certe
821 1831 936 1892 ex'mea
948 1835 1161 1910 computatione

170 1925 222 1993 isti
242 1923 403 1980 sententiae
423 1923 565 1980 convenit.
603 1925 665 1982 Nec
687 1927 749 1980 erat
769 1941 838 1981 sane
857 1925 936 1998 quod
953 1924 1110 2004 Weichert.
1129 1943 1158 2000 p.
1280 2001 1281 2004 Ἴ

169 2015 221 2071 rel.
251 2031 280 2089 p.
308 2015 387 2090 293„
412 2031 464 2070 sua
497 2015 610 2070 ratione
640 2015 731 2071 «11111115
763 2031 829 2093 eos,
872 2017 922 2090 qui
956 2015 992 2073 de
1021 2017 1159 2074 Pollionis

170 2093 347 2164 bibliotheca
367 2105 541 2182 cogitarent,
560 2106 706 2163 manifesti
725 2107 830 2164 erroris
849 2107 926 2164 facili
943 2108 1062 2180 negotio
1081 2124 1161 2166 coar·

171 2198 220 2268 gui
238 2213 323 2271 posse
343 2196 467 2272 diceret,
488 2197 598 2255 scilicet
616 2198 694 2272 quod
713 2198 801 2255 satira
815 2199 840 2255 4.
854 2199 935 2273 prius
955 2200 1063 2274 scripta
1082 2203 1160 2256 esset

171 2304 257 2361 quam
292 2289 386 2362 prima
415 2288 531 2362 pubhca
560 2288 737 2347 bibliotheca
767 2290 948 2348 conderetur.
995 2293 1058 2363 Ego
1088 2307 1160 2349 vero

171 2379 293 2438 candem
306 2380 423 2438 condita
437 2380 500 2450 J'am
513 2379 690 2438 bibliotheca
707 2383 867 2438 conlectam
886 2399 951 2438 esse
970 2383 1159 2456 persuasissi-

172 2487 251 2526 mum
269 2470 372 2528 habco.
417 2469 611 2526 Nihilominus
636 2470 742 2527 Fannii
755 2475 868 2544 'capsas
893 2475 924 2528 et
948 2473 1103 2545 imaginem
1127 2475 1160 2530 in

171 2578 208 2618 ea
232 2561 384 2624 collocatas
416 2547 506 2616 tuiase
531 2573 615 2631 nego.
658 2562 734 2618 Nam
757 2561 883 2634 primum
912 2561 1084 2620 incredibile
1113 2567 1159 2620 cst

165 2652 302 2723 ineptum
324 2653 413 2706 istum
437 2653 554 2724 poetam
581 2650 664 2708 brevi
691 2654 760 2725 post
785 2652 930 2716 conditam
954 2652 1160 2712 bibliothecam

170 2741 280 2812 insigni
307 2740 357 2797 illo
386 2743 417 2796 et
441 2739 572 2796 inaudito
585 2743 709 2799 ‘honore
722 2745 852 2825 ¹linctum
877 2760 957 2819 esse,
986 2745 1160 2818 praesertim

166 2847 238 2901 ,cum
260 2834 302 2890 M.
327 2833 456 2909 lacatii
482 2831 629 2889 Varronis
652 2835 713 2889 etet
738 2832 834 2903 imago
858 2833 987 2890 omnium
1010 2835 1105 2908 prima
1128 2835 1160 2892 in

169 2911 247 2980 noua
252 2922 429 2980 bibliotheca
440 2923 540 2996 posita
552 2923 591 2979 sit
598 2915 686 3005 (Plin.
694 2923 726 2980 h.
737 2939 766 2980 n.
776 2924 793 2978 7
797 2964 805 3000 ,
817 2920 889 3004 31.).
900 2924 1016 2982 Deinde
1028 2926 1159 3000 ipsaHo-

171 3013 239 3092 ratii
250 3015 341 3072 verba
351 3017 412 3072 tam
422 3015 548 3084 obscura
558 3016 636 3091 sunt,
655 3016 688 3070 ut
696 3014 762 3086 jure
779 3015 905 3091 dubites,
924 3030 995 3072 num
1007 3015 1043 3073 de
1056 3016 1159 3075 biblio·

171 3105 256 3162 theca
267 3106 364 3178 aliqua
376 3105 560 3178 cogitandum
573 3107 611 3163 sit
623 3107 748 3164 omnino.
787 3109 849 3166 Nec
861 3106 1030 3166 Scholiastis
1054 3125 1102 3165 res
1121 3110 1160 3168 ad

169 3195 313 3268 liquidum
338 3196 487 3270 explorata
515 3198 579 3254 mit.
625 3199 753 3255 Narrant
775 3199 853 3254 enim
875 3215 973 3254 secum
991 3200 1159 3272 pugnantia.

172 3285 265 3343 Schol.
277 3285 383 3360 ortu.-
401 3287 550 3363 „Fannius
564 3287 728 3354 Quadratus
738 3291 826 3363 poeta
834 3289 1052 3362 loquacissimus
1059 3292 1090 3344 et
1097 3289 1160 3346 inc·

172 3376 321 3452 ptissimus
340 3377 411 3453 luit,
431 3378 478 3434 cui
498 3378 621 3435 Senatus
635 3377 772 3436 audiendi
784 3379 901 3436 fastidio
913 3381 989 3436 ultro
1009 3396 1110 3454 capsas
1130 3384 1169 3454 et¹

165 3467 327 3540 ‘imaginem
345 3469 466 3545 obtulit,
492 3471 526 3525 ut
548 3468 638 3526 libros
665 3485 732 3526 suos
756 3469 885 3527 mitteret
906 3474 937 3528 et
954 3471 986 3527 in
1004 3471 1159 3530 auctorita·
1385 3469 1386 3518 ἒ

173 3562 232 3614 tem
249 3560 428 3634 reciperetur
445 3563 584 3644 tanquam
602 3561 728 3636 optimus
747 3563 849 3636 poetas
867 3561 947 3620 velut
959 3563 1009 3620 alii
1019 3565 1159 3640 referunt,

171 3648 310 3728 Fannius,
329 3654 417 3726 poeta
428 3651 531 3730 indus,
551 3667 617 3710 eum
634 3653 741 3722 liberos
758 3669 818 3710 non
830 3653 967 3732 haberet,
987 3654 1158 3729 haeredipe-
1385 3649 1386 3732 l

173 3739 221 3794 tae
246 3740 308 3797 sine
334 3741 396 3812 ejus
421 3760 490 3800 cura
514 3747 545 3801 et
569 3743 664 3801 studio
693 3744 783 3803 libros
807 3745 869 3817 ejus
894 3748 926 3802 et
948 3746 1103 3818 imaginem
1126 3745 1159 3802 in
1304 3744 1305 3752 ’
1385 3737 1386 3792 ἰ

173 3828 303 3902 publicas
326 3831 516 3915 bibliothecas
540 3835 720 3914 referebant,
747 3835 826 3898 nullo
850 3839 948 3896 tamen
964 3835 1068 3896 merito
1087 3835 1157 3908 scri·
1385 3793 1386 3862 ¹

1225 3923 1227 3943 ἱ

1200 4049 1202 4064 Ι
