2782 4558
557 283 764 352 ..215-

114 456 117 464 '
164 454 223 510 tum
251 463 464 510 essenecesse
493 451 546 506 est.
593 450 670 506 Ante
695 453 723 508 1
746 441 1150 524 1V.0m.'mm.','mquam

163 545 238 602 Nam
249 542 286 600 ab
298 542 353 600 lroo
366 533 413 598 die
426 539 564 616 Aegyptii
574 557 685 628 qerera·
696 555 787 596 annos
799 540 997 598 numerabunt.
1013 540 1151 613 ,Aequic-

164 650 277 692 scamus
295 633 384 704 igitur
402 632 433 688 in
452 647 504 706 eo,
523 631 602 706 quod
620 631 772 690 didicimus
784 631 913 712 Aegypti
925 630 1027 688 urbem
1038 633 1152 705 captum

163 741 229 780 esse
248 727 324 798 ipsis
344 725 405 782 Get
413 724 531 782 ’811111
555 739 582 812 e.
599 739 629 780 u.
648 739 674 781 1.
693 723 757 779 724.
795 721 854 778 Adi
877 723 1006 778 Messon
1029 721 1066 778 in-
1084 721 1153 780 tani

163 815 263 888 templ.
287 830 377 873 reser.
396 811 432 887 ·'.p
459 813 514 872 118
532 829 575 886 sq.
600 813 652 870 vit.
677 814 749 871 Hor
772 828 801 885 p.
819 814 901 888 339,
925 812 1046 886 interpr.
1064 812 1150 873 Dion.

162 905 210 982 51,
231 907 276 968 le
296 901 364 982 (ed.
376 906 468 964 Stmu.
487 905 584 980 vtp.
601 905 649 962 ’.21
668 906 728 962 suot
750 899 831 985 139.)
850 904 908 964 et
898 903 1030 1020 inprimis
1048 903 1149 962 ldeler.

124 1161 126 1166 Ι
161 997 182 1054 Ι
201 998 270 1146 qu
295 997 416 1155 11111111
444 1091 556 1146 certum
586 1093 768 1150 1111111111
791 1093 822 1149 et
848 1023 1022 1150 1111111111
1042 1087 1153 1159 jnnctis

162 1178 274 1236 ’liberii
298 1181 328 1236 et
352 1178 442 1238 Drusi
466 1179 576 1238 viribus
599 1197 702 1240 metue
724 1184 833 1241 smutt
857 1178 959 1258 (vel
935 1197 962 1236 sr
980 1178 1151 1236 mauisGel.

107 1349 110 1357 ,
163 1267 317 1351 Sest)a.
291 1269 401 1328 a‘l39.
426 1269 560 1330 subactos
579 1289 661 1350 esse,
686 1271 836 1330 videamus
860 1270 976 1347 quaudo
1001 1268 1154 1328 Horatium

162 1377 249 1420 cerm.
270 1361 296 1418 4.
314 1364 346 1420 et
362 1354 407 1418 121.
427 1364 624 1436 composuisse
642 1364 800 1424 verisimile
819 1363 868 1422 sit.

237 1453 443 1528 Aequoream
467 1454 599 1531 quidem,
624 1454 657 1512 in
681 1470 739 1530 quo
762 1459 830 1514 solu
853 1455 950 1514 Drusi
973 1453 1098 1512 victorio
1115 1450 1153 1508 de

162 1543 321 1602 Vindelicis
344 1545 492 1618 reportata
511 1545 688 1622 celebratur,
720 1547 905 1604 manifestum
941 1546 986 1602 est
1020 1544 1154 1618 potuisse

163 1633 267 1711 scribi,
287 1647 358 1690 cum
370 1634 494 1692 Romani
511 1635 549 1692 de
567 1652 707 1710 prospero
731 1639 838 1694 eventu
862 1636 972 1710 primae
992 1632 1153 1712 expeditio·

162 1726 208 1784 nis
226 1743 245 1782 a
264 1725 326 1782 solo
337 1727 436 1783 Druso
452 1725 591 1784 adversus
603 1729 704 1798 gentes
716 1727 838 1802 Alpinas
851 1728 1002 1799 susceptae
1015 1724 1153 1782 certiores

163 1816 233 1876 iacti
251 1819 366 1893 essent,
384 1817 413 1874 lu.
434 1833 460 1876 e.
479 1833 548 1876 vere
567 1817 614 1876 vel
632 1819 752 1876 ineunte
771 1821 882 1876 aestate
905 1803 1059 1876 11111739.
1095 1813 1154 1872 Sed

162 1909 291 1981 proiecto
310 1907 398 1966 cuam
421 1925 546 1968 1111111
568 1916 614 1970 eat
635 1909 685 1967 illo
703 1913 835 1985 tempore
852 1911 951 1966 ortum
969 1907 1009 1966 sit
1026 1913 1153 1980 carmen,
1210 1898 1214 1908 “

161 2001 193 2056 et
209 1997 501 2074 quidem-'antequam
523 2000 673 2060 'liberium
697 2001 769 2058 istos
794 2001 917 2076 populos
936 2003 968 2056 et
985 2009 1154 2070 aggressum

160 2107 231 2148 ease
250 2093 282 2147 et
305 2092 497 2166 prostravisse
515 2091 625 2150 Romae
650 2095 806 2150 constaret.
843 2091 959 2152 Etenim
982 2104 1042 2147 non
1060 2087 1154 2152 solum

159 2181 375 2260 imprudenter,
394 2183 502 2256 injuste
521 2187 552 2241 et
569 2183 684 2242 mdeste
699 2183 837 2242 Horatius
856 2183 974 2258 egisset,
994 2179 1153 2253 sedimpu·

160 2272 263 2330 denter
274 2274 363 2332 etism
371 2277 402 2333 et
411 2275 529 2352 rustice,
550 2275 576 2334 si
589 2277 683 2334 solum
695 2277 823 2334 Drusum
836 2272 1071 2350 splendidissimo
1090 2287 1152 2328 oar·

160 2363 238 2420 mine
258 2365 319 2420 tum
331 2365 490 2442 laudasset,
507 2383 576 2424 cum
587 2367 699 2425 'liberii
717 2367 856 2424 victoriae
871 2365 933 2437 jam
945 2366 1031 2420 notes
1044 2363 1152 2418 essent.

159 2453 226 2512 Non
250 2453 385 2526 equidem
402 2455 565 2514 uerisimile
590 2456 714 2512 dixerim
737 2459 853 2529 poetam
876 2454 914 2511 de
937 2452 1081 2510 industria
1104 2467 1153 2508 res

159 2547 257 2617 gestas
275 2544 387 2603 Tiberii
404 2545 549 2602 malitioso
567 2563 636 2604 vere
655 2545 772 2602 silentio
789 2546 1019 2618 praetervectum
1038 2557 1110 2598 esse.
1122 2543 1153 2596 et
1224 2597 1228 2604 ,

159 2633 282 2704 itacius
304 2635 413 2705 gloriae
436 2636 624 2696 obtrectasse.
662 2637 730 2696 Non
755 2635 890 2711 equidem
913 2633 1066 2692 Horatium
1090 2647 1152 2688 ore-
1206 2645 1217 2705 ζ

157 2725 283 2784 diderim
297 2725 408 2797 jnstsm
425 2725 489 2798 ejus
508 2727 698 2785 offensionem
718 2727 794 2784 ultro
819 2726 876 2784 sibi
894 2725 1090 2798 contraxisse,
1115 2737 1152 2778 eo

144 2817 661 2892 ‘minusquouspioiosiorliberius
671 2818 749 2876 etad
760 2817 900 2876 invidiam
908 2815 1069 2890 promptior
1080 2815 1151 2870 eret

157 2909 198 2970 Et
215 2925 282 2966 cum
296 2908 394 2969 inter·
405 2896 559 2967 Horatium
584 2912 615 2966 et
631 2909 781 2968 Tiberium
799 2911 864 2967 urta
881 2923 973 2983 paene
992 2904 1152 2966 necessitas

158 2999 356 3058 intercesserit
364 2993 467 3081 (epist
482 3001 510 3078 l,
529 3001 557 3058 9.
568 3000 635 3079 2,2.
649 2994 694 3080 1.)
706 3003 792 3074 atque
803 2999 850 3057 hio
869 2997 1103 3075 splendidissimo
1121 2998 1153 3054 et

159 3089 284 3150 sincera-¹
300 3090 386 3148 leude
411 3095 531 3150 ornetur
554 3092 585 3151 in
610 3092 658 3150 od.
685 3093 744 3150 14:
775 3107 850 3165 quse
874 3090 993 3156 tendens
1016 3087 1154 3148 invidiosi

158 3179 244 3238 istius
262 3179 373 3237 'silentii
392 3197 495 3239 caussa
512 3177 621 3240 ttreritl
657 3183 736 3250 Quid
754 3182 833 3256 quod
850 3183 945 3257 prima
956 3181 1045 3242 Drusi
1062 3180 1154 3237 ricto·

158 3270 203 3332 ria
221 3273 299 3345 tum,
318 3286 386 3328 eum
403 3271 563 3328 debellatos
581 3271 704 3345 populos
729 3273 825 3330 denuo
849 3275 945 3330 motus
963 3273 1067 3328 iecisse
1086 3271 1154 3324 eta

159 3361 277 3422 Tiberio
297 3359 413 3418 demum
432 3361 567 3420 subactos
587 3378 652 3420 esse
670 3364 792 3420 eventus
810 3362 972 3437 docuisset,
990 3359 1154 3424 tumetium

158 3453 245 3511 leude
263 3469 302 3512 ne
320 3452 409 3524 digna
426 3453 545 3528 quidem
563 3451 687 3526 amplius
705 3449 789 3514 erati
824 3453 901 3510 Hinc
919 3455 999 3510 certo
1011 3449 1154 3510 evincitur

160 3559 277 3600 carmen
293 3545 323 3601 4.
342 3547 410 3602 ante
430 3544 494 3622 14.,
512 3547 544 3602 ct
561 3544 672 3618 aliquot
688 3544 837 3602 mensibus
855 3546 923 3602 ante
941 3559 1033 3602 mens.
1052 3542 1153 3600 sextil.

161 3649 188 3690 a.
205 3633 279 3698 139.
305 3636 496 3711 compositum
527 3652 601 3694 esse.
645 3635 727 3693 Idem
751 3638 885 3696 accurate
916 3635 1070 3710 probatum
1098 3632 1153 3690 ivit

161 3722 279 3782 Kirclm
296 3723 329 3781 in
345 3729 457 3799 quaest.
481 3724 665 3803 1132111.
683 3727 730 3786 uo.
751 3729 781 3784 et
799 3729 859 3784 not
873 3726 901 3784 8.
920 3759 960 3772 -
995 3711 1115 3784 Plurimi
1132 3739 1151 3780 a

161 3829 231 3875 vero
248 3813 399 3894 aberrant,
419 3815 489 3878 dum
506 3817 592 3882 odam
610 3818 657 3876 rel
675 3817 714 3878 sd
732 3834 759 3880 a
785 3819 848 3878 740.
873 3818 1004 3878 referunt
1024 3809 1150 3917 (Gmtet
