2790 4566
481 391 484 396 f
596 285 803 366 -no-·-·

203 447 414 538 (blasson'rit
433 461 502 523 Hor.
521 479 550 536 p.
569 461 633 521 139.
644 453 647 460 ’
658 459 781 543 Sanad,
798 464 965 545 *Vanderb.,
988 443 1198 530 Pressou'not

200 553 264 612 149.
282 554 400 612 Kirehn.
419 552 478 610 tab.
497 547 573 633 chr.)
591 555 752 612 Provocant
771 555 869 614 udus.
891 558 926 614 15
945 575 1003 632 sq:
1038 591 1041 598 ,
1191 575 1194 584 ’
1281 573 1282 576 ’

347 644 439 704 Albus
458 646 491 700 ut
509 644 632 702 obscuro
652 644 785 717 deterget
802 647 905 704 nubila
924 650 1018 705 coelo

397 736 489 808 Saepo
508 736 618 812 Notus,
638 751 733 809 nequo
752 738 878 810 parturit
895 737 1003 796 imbres

346 827 520 900 Perpetuos:
540 826 582 884 sic
601 829 633 882 tu
651 829 774 900 sopiam
790 827 882 898 linire
899 837 1046 891 memoro

365 918 852 992 Λ1511511551υἰιιιιιᾳιιοιαιονει
894 951 898 960 ·
962 935 965 944 ’
1015 955 1017 960 -

347 1005 571 1085 Molli,Plance,
591 1024 686 1066 mero:
709 1025 766 1067 seu
783 1016 813 1067 te
828 1007 979 1086 fulqeotiu
995 1010 1090 1086 aim
1152 1077 1155 1088 γ
1265 1025 1267 1034 ’

381 1100 638 1178 ιθαιιναιεηθηι,
658 1117 710 1157 scu
730 1100 821 1158 densa
839 1101 952 1159 tenebit
1002 1169 1005 1176 ,

323 1223 325 1230 1
345 1189 461 1248 Tiburis
479 1191 583 1248 umbra
601 1192 669 1268 tui,

196 1293 268 1352 quos
286 1278 329 1336 illi
347 1283 459 1338 tantum
478 1283 603 1357 tempori
622 1275 824 1342 accomodatos
844 1285 1109 1364 essecontcndunt,
1129 1301 1187 1360 quo

1 1451 2 1458 ἵ
70 1391 73 1410 1
194 1369 230 1427 11·
247 1372 406 1430 Munatius
428 1375 579 1452 Planctus,
608 1375 646 1431 ad
675 1391 761 1449 quem
792 1375 891 1432 datum
916 1379 962 1433 est
987 1391 1119 1453 carmen,
1149 1377 1186 1434 ab

194 1460 322 1518 Antonio
341 1463 380 1520 ad
398 1457 588 1522 Octavianum
613 1465 784 1544 desciverit,
811 1467 863 1524 sed
882 1467 920 1524 ob
940 1467 1045 1525 dubiae
1069 1467 1137 1524 fidei
1156 1470 1187 1524 et

194 1551 405 1608 inconstantiae
425 1555 623 1626 suspicionem
637 1571 698 1611 non
716 1573 783 1612 cum
806 1557 952 1613 invenerit
971 1558 1125 1615 Octaviani
1143 1557 1186 1614 t'a·

162 1693 165 1700 .
193 1658 309 1720 vorem,
334 1645 367 1699 ut
384 1659 450 1700 una«
462 1644 500 1703 ad
518 1644 626 1701 bellum
644 1645 796 1701 Actiacum
814 1648 962 1718 profectus
982 1646 1029 1702 sit.
1068 1647 1185 1704 Scilicet

191 1731 341 1808 firtyeula‘u
359 1735 409 1792 illa
426 1738 521 1810 siquis
540 1741 644 1793 rostro
661 1736 703 1792 nil
720 1736 780 1792 nisi
798 1736 907 1794 bellum
924 1737 1076 1794 Actiacum
1095 1737 1190 1808 signi-¹

192 1825 291 1882 licant!
310 1858 313 1876 ι
329 1825 396 1882 Ain'
415 1821 468 1882 tur
506 1825 686 1884 Crediderim
704 1824 839 1900 equidem
858 1842 896 1882 ex
914 1827 1042 1897 generali
1054 1823 1109 1884 hac
1121 1842 1186 1882 sen·

170 1909 174 1920 '
193 1915 299 1973 tentia:
317 1902 429 1992 ³„Domi
445 1915 582 1993 bellique,
593 1916 722 1993 Plance,
742 1916 832 1972 mitte-
844 1915 1068 1975 sollicitudinem
1087 1919 1118 1974 et
1136 1931 1185 1974 cu-

190 2019 239 2062 ras
246 2005 273 2063 t’
290 2006 364 2064 nihil
381 2007 473 2066 maile·
485 1999 610 2064 extundi
625 2024 722 2082 posse.
760 2007 836 2064 Sane
856 2007 1079 2088 scriptum‘esse
1098 2007 1186 2066 odam

94 2109 97 2113 ·
191 2101 320 2175 oportet,
349 2113 415 2156 oum
429 2099 561 2172 'Plancus
586 2099 756 2158 Antonium
769 2097 832 2174 jam
861 2098 1071 2172 dereliquisset
1109 2099 1191 2156 Nam

189 2203 248 2246 non
266 2189 323 2246 alia
341 2190 425 2247 facile
442 2195 766 2265 res'1eum'permovere
784 2191 916 2266 poterat,
933 2192 976 2246 'ut
994 2189 1031 2246 de
1050 2189 1184 2247 volunta-

188 2281 234 2338 rio
253 2281 356 2338 exsilio
374 2281 581 2360 meditaretur,
601 2299 688 2355 quam
708 2280 786 2356 quod
806 2297 838 2336 se
856 2281 990 2352 Augusto
1015 2283 1191 2355 suspectum·

190 2385 255 2428 esse
286 2371 399 2426 videret
429 2375 477 2447 et,
489 2373 599 2442 gratias
644 2373 706 2443 eJus
739 2371 883 2442 jacturam
921 2370 1076 2428 metueret.
1111 2371 1182 2430 Fuit

189 2461 275 2518 bomo
305 2460 403 2516 varius
428 2463 459 2516 et
482 2462 615 2536 mobilis,
648 2461 702 2518 sed
731 2461 854 2529 insignis
887 2463 985 2518 orator
1009 2455 1188 2536 (Ruhnken.-

189 2551 227 2608 ad
244 2552 316 2610 Vell.
336 2548 398 2608 Pat.
418 2551 446 2627 2,
466 2549 530 2630 63.)
560 2553 590 2606 et
610 2549 1003 2611 Ciceronilamiliurissimus
1022 2545 1124 2628 (epist.
1145 2551 1183 2608 ad

188 2643 255 2698 fam.
274 2641 325 2696 lib.
344 2637 412 2722 X.),
432 2643 533 2698 consul
551 2657 617 2698 ann.
638 2641 720 2717 712„
739 2642 802 2696 tum
819 2635 940 2698 Antonii
952 2640 1084 2715 partibus
1096 2637 1180 2696 fidus.
1227 2633 1230 2642 “

187 2731 237 2790 Ad
255 2729 447 2789 Octavianum
465 2731 582 2787 transiit
600 2748 626 2788 a.
647 2732 711 2788 722.
738 2727 812 2810 (Diu
831 2732 884 2806 50,
904 2732 931 2788 3.
950 2730 1024 2788 Plut.
1044 2731 1113 2789 Ant.
1133 2729 1188 2787 58,

187 2824 260 2881 Voll.
281 2823 318 2898 2,
330 2815 406 2902 83.).
445 2821 502 2878 Sed
518 2820 627 2877 vmansit
645 2821 793 2879 vacillans.
822 2821 909 2878 Anno
920 2821 991 2878 ult.
1012 2820 1075 2891 ejus
1093 2835 1182 2876 suasu

188 2913 348 2973 Octaviano
366 2913 497 2987 Auqusti
515 2927 675 2983 cognomen
704 2909 829 2967 inditum
853 2912 899 2966 est
929 2905 970 2988 (v.
995 2925 1061 2984 pag.
1087 2903 1179 2991 uu).

187 3005 378 3079 cuinam.-
401 3005 489 3062 Dion.
521 3004 576 3080 50,
605 3004 632 3060 3.
665 2996 729 3083 (ed
770 3001 861 3059 Stura.
882 3003 951 3059 ool.
983 3003 1018 3060 V.
1050 3017 1079 3076 p.
1112 3001 1178 3058 ola

186 3099 247 3153 not.
268 3093 331 3174 11.)
351 3097 381 3151 et
399 3095 516 3152 Passov.
536 3095 587 3152 vit.
607 3097 669 3152 not.
687 3093 760 3150 149.
778 3123 818 3138 -
834 3093 874 3152 Ut
892 3092 1010 3154 redeam
1033 3092 1076 3150 in·
1090 3092 1179 3168 viam,

186 3183 377 3258 improbabile
410 3184 483 3240 mihi
515 3184 632 3242 videtur
662 3201 727 3242 esse
761 3183 817 3240 hcc
848 3199 980 3259 carmen,
1017 3181 1096 3256 quod
1130 3195 1179 3238 eo·
1268 3239 1272 3248 ,

187 3277 254 3334 dem
271 3276 365 3330 metro
383 3275 574 3348 compositum
592 3278 652 3352 est,
672 3291 729 3348 quo
747 3271 832 3348 epod.
856 3272 912 3350 12„
931 3273 1013 3347 prius
1039 3272 1179 3344 scriptum

185 3369 370 3439 essequam
391 3365 507 3439 epodon
533 3364 608 3422 liber
637 3367 788 3436 evulgatus
816 3367 918 3420 esset„
940 3363 1070 3420 Pertinet
1100 3359 1180 3418 haud

158 3457 274 3518 ¹dubie
294 3456 333 3514 ad
356 3456 436 3532 idem
459 3459 590 3531 tempus,
620 3471 678 3529 quo
707 3454 845 3513 Horatius
873 3453 976 3511 melica
1006 3451 1177 3527 composuit.

186 3548 297 3606 Nitsch.
317 3547 444 3606 idanno
466 3548 494 3604 si
516 3547 572 3605 Dis
595 3546 690 3620 placet
709 3545 773 3602 713.
793 3544 956 3620 adscripsit
976 3545 1011 3602 cf.
1031 3543 1178 3601 Vanderb.

186 3637 332 3694 additions
356 3641 388 3695 et
412 3640 530 3698 comest
541 3637 607 3722 rol.
627 3637 664 3696 11.
680 3654 709 3712 p.
718 3636 793 3694 620·
812 3667 851 3682 --
869 3633 1030 3698 Verborum
1046 3633 1177 3714 poenitet
1247 3705 1253 3726 f

145 3741 147 3753 ¹
186 3725 219 3784 in
235 3742 268 3784 rs
286 3727 404 3788 incerta.
1140 3745 1143 3748 ·
