2758 4544
607 205 815 272 -5p.-

146 371 152 381 “
215 371 363 448 specimen
390 369 496 430 deuteri
523 371 554 426 et
581 371 675 428 enrico
702 369 923 430 venerabundus
951 371 1078 432 offerret.
1121 374 1205 434 Hanc

215 463 305 536 igitur
321 463 354 522 ln
371 460 547 520 sententiam
565 471 683 534 prorsus
703 463 818 533 egregie
837 461 968 536 scripsit:

361 554 457 612 Prima
476 551 553 608 dicte
572 553 654 630 mihi,
674 569 785 610 summa
804 553 924 612 dicende
945 553 1082 631 Camena,
1142 565 1144 570 ·

361 647 533 718 Spectatum
550 647 627 702 satta
646 647 677 700 et
695 647 843 704 doemunt
854 643 928 716 jum
944 648 1023 703 rude
1040 649 1167 722 quaeris,

363 735 533 805 Maecenas,
553 735 659 792 iterum
678 738 840 810 uottpuo
858 751 905 794 me
923 735 1073 794 includere
1092 730 1206 797 ludo?

361 827 429 886 Non
447 829 555 884 eudem
574 828 619 882 est
639 831 740 902 uetus,
758 842 822 886 oce
833 841 928 884 meres.
948 825 1097 904 VeJanius,
1116 829 1206 886 ermis

206 902 210 910 ¹
300 939 302 943 ·
361 917 494 976 Herculis
513 917 551 974 ad
569 920 683 990 postem
700 916 776 994 fixis,
794 917 867 974 latet
885 917 1001 976 abditus
1020 933 1106 995 agro;

362 1010 408 1068 Ns
426 1009 565 1083 populu-m
583 1010 714 1066 extrema
732 1007 819 1064 toties
838 1010 940 1065 exoret
958 1023 1055 1066 arene.

361 1100 417 1157 Est
434 1100 506 1156 mihi
524 1102 676 1172 purgatam
694 1097 797 1157 c'rebro
816 1099 867 1172 qui
885 1101 1023 1174 personet
1040 1115 1154 1158 aurem:

326 1193 328 1205 '
362 1190 446 1247 Solve
464 1182 666 1248 senescentem
684 1197 832 1248 mature
851 1207 939 1248 senus
958 1206 1074 1266 equum,
1093 1206 1137 1248 ne·
1185 1245 1193 1258 ,

360 1281 466 1340 Pecoet
484 1280 521 1338 ad
540 1285 700 1339 extremum
717 1279 855 1338 ridendus
875 1285 906 1338 et
923 1281 974 1340 ihc
994 1281 1087 1340 ducat

362 1372 447 1430 Nunc
466 1373 564 1445 itaque
584 1375 615 1430 et
632 1387 740 1430 tersus
758 1374 789 1427 et
807 1379 929 1431 coelem
947 1375 1068 1432 ludicra
1083 1387 1172 1446 porto.

364 1462 441 1530 Quid
459 1480 560 1520 verum
579 1465 665 1536 etque
685 1461 790 1520 decens
812 1479 885 1520 curo
910 1465 940 1520 et
963 1479 1033 1535 rogo
1058 1466 1089 1520 et
1112 1463 1205 1526 omnis

760 1554 792 1610 in
811 1553 866 1611 hoc
886 1570 965 1612 sum:

365 1645 465 1704 Cende
484 1649 515 1702 et
534 1661 674 1720 compono
693 1661 768 1720 quae
786 1661 856 1702 mox
874 1645 1044 1719 depromere
1062 1646 1180 1721 possim

213 1736 276 1794 Nec
292 1751 395 1794 verum
412 1740 517 1812 poetae
537 1737 688 1795 consilium
706 1739 821 1794 veteres
839 1737 914 1808 rugit
933 1737 1117 1814 scholiastae,
1136 1753 1206 1812 quo·

213 1835 279 1884 rum
296 1826 398 1887 Acron
416 1829 455 1886 ed
472 1846 500 1886 v.
520 1829 565 1887 5..·
584 1830 780 1905 .,‚Comparat
798 1845 848 1905 se,
873 1829 983 1905 inquit,
1008 1827 1129 1900 Vejanio
1148 1829 1206 1900 gls-

214 1918 322 1975 diatori
339 1919 520 1976 nobilissimo
534 1951 577 1978 ,-
595 1920 676 1991 cujus
696 1919 830 1993 exemplo
849 1919 920 1977 dicit
938 1921 1065 1977 aetatem
1077 1936 1158 1977 suam
1177 1922 1208 1978 et

214 2009 396 2084 propositum
414 2009 550 2084 impediri
568 2013 598 2067 et
616 2025 675 2066 non
693 2026 779 2083 posse
799 2027 831 2067 se
849 2025 1037 2084 perseverare
1055 2010 1087 2066 in
1104 2011 1207 2067 carmi·

168 2165 176 2173 ,
214 2100 317 2174 trihus,
350 2100 403 2158 scd
429 2103 528 2176 potius
556 2101 631 2158 velle
649 2102 773 2158 transire
793 2101 832 2159 ad
850 2101 977 2158 studium
1004 2101 1206 2175 philosophiae

215 2169 324 2247 relictis
349 2190 424 2262 jocis
453 2195 484 2248 et
510 2191 607 2264 lyricis
635 2193 767 2249 versibus
787 2186 937 2274 (simditer
955 2191 1048 2250 Schol.
1069 2185 1205 2271 Gruq.).“

215 2280 330 2338 Deinde
349 2298 420 2340 vero
438 2298 497 2339 non
515 2283 697 2340 mirationem
715 2284 859 2359 cuiquam·
875 2285 971 2361 faciet,
1000 2282 1078 2358 quod
1095 2285 1128 2340 in
1146 2299 1206 2340 ma·

152 2390 158 2400 ·
214 2372 295 2428 xima
313 2373 399 2445 huJus
418 2374 557 2448 epistolae
576 2377 659 2450 parte
677 2376 743 2449 ipsa
767 2376 967 2451 philosophiae
993 2375 1089 2434 studia
1113 2377 1144 2431 et
1168 2373 1206 2430 ab

100 2543 104 2552 1
215 2463 341 2521 utilitate
360 2468 391 2522 et
409 2468 446 2524 ab
465 2466 639 2524 necessitate
658 2468 904 2545 commendantur,
924 2467 1068 2542 siquidem
1085 2465 1128 2524 nil
1146 2481 1206 2522 ma-

216 2555 261 2626 gis
286 2573 371 2614 curce
397 2557 542 2630 cordique
559 2562 664 2632 poetae
688 2575 794 2617 novam
818 2560 949 2632 syllogen
973 2559 1122 2616 emissuro
1142 2573 1207 2614 esse
1286 2561 1292 2572 '

168 2665 173 2680 r
215 2647 327 2723 potuit,
353 2664 439 2722 quam
457 2651 491 2704 ut
508 2649 728 2721 Maecenati-
751 2649 798 2708 cui
821 2653 939 2724 praeter
962 2649 1208 2726 exspectationem

215 2753 276 2794 non
295 2738 437 2809 J’ocularia
461 2741 491 2796 et
508 2740 620 2798 ludicra
639 2740 735 2799 denuo
752 2742 858 2800 obtulit
886 2743 1013 2800 carmina
1041 2740 1094 2798 sed
1120 2755 1207 2812 quae·
1256 2739 1259 2742 ’

217 2829 425 2888 stiuncularum
442 2830 707 2906 philosophicarum
726 2847 861 2890 coronam
884 2833 970 2902 longo
988 2829 1142 2887 severioris
1160 2843 1207 2884 ar·

217 2921 346 2990 gementi
363 2952 402 2965 -
420 2921 624 2995 persuaderet,
652 2937 755 2978 revera
778 2919 979 2992 philosophiae
1008 2918 1136 2976 studium
1163 2917 1207 2976 di·

217 3024 305 3080 gnum
323 3025 405 3084 esse,
425 3009 504 3081 quod
521 3009 558 3066 ab
578 3008 711 3066 omnibus
731 3009 884 3084 coleretur,
904 3009 1012 3066 cultum
1029 3009 1206 3084 pauperibus

182 3135 186 3142 -
217 3115 309 3172 ecque
328 3115 362 3157 ac
380 3098 572 3171 locupletibus
596 3097 752 3174 prodesse,
780 3099 944 3172 neglectum
967 3115 1074 3160 nocere
1097 3100 1206 3177 pueris,

218 3190 344 3248 senibus.
382 3188 507 3248 Proinde
525 3189 694 3264 primarium
721 3193 827 3264 poetae
856 3191 1008 3249 consilium
1034 3192 1090 3250 hoc
1116 3192 1207 3250 fuisse

218 3281 300 3359 dico,
318 3284 352 3338 ut
369 3279 503 3338 eoelestis
522 3281 683 3356 sapientiae
702 3282 949 3342 commendatione
967 3287 1061 3342 totum
1078 3284 1207 3348 libellum

217 3372 381 3430 Maecenati
405 3372 618 3430 commendaret
641 3372 767 3446 indeque
801 3375 883 3432 tenui
915 3375 963 3432 iilo
992 3375 1207 3433 excusationem

219 3459 401 3539 contexeret,
429 3480 487 3538 que
508 3480 582 3538 quae
601 3464 777 3538 postulasset
792 3482 891 3524 rerum
909 3467 1024 3524 suatum
1051 3465 1143 3522 tutela
1171 3479 1207 3522 ea

201 3553 431 3627 ¹deprecaretur.
449 3586 489 3598 -
506 3556 586 3612 Haec
611 3555 637 3611 si
656 3571 724 3612 vere
749 3571 768 3612 e
791 3571 838 3614 me
863 3557 1010 3631 disputata
1034 3557 1158 3612 sunt-
1176 3558 1207 3612 et

219 3645 290 3701 mihi
308 3644 425 3719 quidem
443 3645 577 3704 videntur
595 3645 747 3704 verissime
765 3663 830 3704 esse
848 3681 887 3692 --
906 3652 1009 3722 sponte
1023 3648 1145 3723 apparet
1161 3645 1206 3702 in·

189 3799 196 3810 ⁶
219 3736 420 3810 vestigandum
448 3753 530 3813 esse,
560 3737 674 3810 quando
700 3737 817 3796 tandem
834 3738 893 3796 ista
910 3740 1015 3798 acutis
1043 3742 1074 3796 et
1101 3736 1206 3794 mentis
