2758 4544
637 277 842 342 -18-

171 379 176 403 ι
245 444 359 522 pictura
376 439 645 518 repraesentaverit.
683 441 770 508 Quod
793 455 853 518 quo
871 439 1063 502 uuuodbue
1082 441 1235 504 adumbra-
1285 415 1291 428 ⁵

244 539 308 594 tum
334 535 465 595 videmus
490 532 650 639 coloribus,
677 541 792 610 quoque
818 532 850 593 id
874 533 978 592 darius
998 550 1015 590 e
1034 551 1062 594 v.
1088 534 1124 592 41
1137 535 1233 594 -54.

245 628 355 688 elucetr
381 643 417 684 eo
435 625 527 698 magis
546 623 660 682 miseris
679 627 765 702 sane,
787 625 868 699 quod
885 629 1042 700 paupertas
1060 625 1110 684 illa
1128 625 1236 730 audax,
1252 673 1284 710 ,Ι

245 723 319 796 quae
338 718 377 780 ed
395 718 499 798 poesin
517 715 652 776 Flaccum
670 715 836 795 instigavit,
862 716 901 776 ad
924 733 1062 794 perversa
1086 718 1143 774 et
1135 718 1236 794 unique

238 809 351 884 judicia
375 810 549 884 interpretes
575 806 716 884 quosdam
739 805 904 886 impulerit,
933 809 1022 883 inque
1050 808 1233 868 baudesin·
1281 825 1284 832 ·

243 901 360 960 duxerst
384 901 567 980 multiplices.
611 901 674 960 Iam
697 913 767 958 vero
791 916 828 958 ea
851 915 926 974 quae
949 899 988 960 de
1012 899 1126 960 Luculli
1143 899 1235 958 milite

243 991 382 1070 legimus,
402 993 454 1068 qui

535 1129 575 1146 -
590 1129 631 1146 -
648 1099 769 1158 collaria
786 1100 894 1160 viatica
912 1098 1012 1159 multis

198 1223 200 1228 ,
315 1181 488 1268 Aerumnie,
501 1191 605 1268 lassus
619 1190 689 1250 dium
707 1195 794 1252 nocte
812 1188 925 1268 ademit,
945 1189 984 1250 ed
1002 1205 1098 1248 amem

242 1298 281 1356 28
306 1297 495 1374 Perdiderat,
530 1301 598 1372 post
625 1299 694 1357 hoo
721 1299 919 1358 vehemens
946 1297 1073 1376 lupus,
1098 1297 1136 1354 et
1158 1293 1234 1352 sibl
1297 1277 1299 1282 ’

315 1481 440 1540 Iratus
464 1391 796 1560 parit35’13231illllis
822 1481 1002 1542 dentibus
1027 1495 1122 1556 acer,

315 1571 496 1630 Ptaesidium
514 1573 611 1645 regale
629 1573 693 1631 loco
714 1571 835 1651 dejecit,
854 1578 888 1632 ut
901 1573 999 1651 ajunt,

121 1655 124 1663 ¹
188 1715 215 1738 „
315 1663 431 1722 Summe
449 1665 561 1722 munito
580 1667 610 1722 et
628 1667 783 1723 multarum
801 1667 892 1724 divite
910 1679 1017 1724 renum.

315 1743 417 1814 Clarus
435 1755 475 1814 ob
492 1755 523 1812 id
542 1758 650 1814 lactum
669 1757 753 1814 donis
771 1761 891 1829 ornatur
908 1756 1058 1832 honestis3

314 1847 430 1921 Accipit
449 1851 480 1905 et
497 1848 543 1906 bis
563 1848 639 1906 dena
657 1865 745 1924 super
763 1853 900 1920 sesterda
917 1861 1075 1906 nummum.

240 1951 308 2012 vide
327 1969 413 2027 quam
431 1955 565 2010 accurate
583 1987 623 1999 -
639 1957 698 2012 nisi
721 1957 858 2026 imaginis
883 1958 1064 2026 involucrum
1083 1949 1233 2010 fastidiose

239 2043 432 2118 presseris-
449 2042 645 2118 respondeant
661 2045 710 2121 iis,
731 2060 806 2118 quae
826 2045 862 2102 de
882 2063 914 2102 ee
933 2045 1042 2104 Romae
1061 2047 1091 2100 et
1109 2043 1233 2102 Athenis

240 2134 343 2192 laostis
370 2119 507 2207 auspiciis
538 2135 649 2194 nutrito
678 2138 929 2213 conformisque,
962 2134 1015 2192 sed
1040 2133 1110 2193 belli
1139 2133 1232 2191 civilis

95 2285 97 2296 ,
193 2245 214 2290 ’,
240 2227 325 2282 aestu
348 2225 381 2282 in
406 2240 486 2282 arma
511 2227 541 2280 at
564 2227 694 2300 pericula
719 2227 872 2304 absumpto
890 2223 936 2306 (v.
951 2220 1109 2306 40-48.)
1129 2225 1233 2282 ellatur

240 2317 327 2391 poeta
346 2331 364 2372 a
382 2331 409 2373 v.
430 2314 494 2373 da:
700 2341 732 2414 ql

313 2405 397 2464 Unde
416 2407 501 2464 simul
519 2407 644 2482 primum
662 2425 709 2468 me
729 2411 865 2469 dimisere
883 2406 1012 2485 Philippi

312 2497 428 2558 Decisis
447 2498 585 2556 humilem
603 2503 707 2575 pennis
727 2502 953 2584 inopemque
978 2499 1131 2576 paterni

239 2587 274 2647 ⁵1
308 2590 353 2648 Et
370 2589 464 2647 laris
490 2591 527 2647 'et
545 2591 652 2650 fundi
671 2598 878 2669 paupertas
898 2594 1050 2670 impulit
1068 2590 1199 2667 audax,
1252 2605 1255 2612 ’

311 2676 358 2737 Ut
376 2697 509 2739 versus
528 2684 706 2763 iacerem3
726 2685 789 2763 sed,
809 2686 887 2761 quod
899 2702 958 2745 non
971 2685 1057 2764 desit,
1076 2681 1231 2742 habentem

312 2771 395 2838 Quae
414 2776 551 2846 poterunt
569 2791 696 2850 unquam
715 2777 787 2835 satis
806 2795 968 2854 expurgare
987 2779 1108 2851 cicutae,

313 2863 353 2920 Ni
371 2864 475 2921 melius
495 2865 657 2924 dormire
676 2872 777 2942 putem
796 2886 883 2942 qnam
901 2869 1027 2927 scribere
1045 2859 1169 2922 verensi
1212 2939 1215 2944 Ι
1234 2853 1237 2862 ’

315 2969 536 3059 (temperantem
554 2989 632 3044 enim
651 2991 681 3046 et
700 2989 854 3064 diligenter
871 2989 1066 3064 pensitantem
1083 3003 1112 3043 v.
1132 2985 1179 3043 28.
1199 2987 1230 3040 ei

240 3073 285 3131 51.
317 3089 377 3132 non
407 3078 515 3149 poterit
545 3080 721 3156 praeterire,
756 3080 831 3138 hanc
862 3099 927 3140 esse
958 3079 1016 3139 loci
1047 3077 1228 3136 sententiam.

240 3165 491 3232 Quemadmodum
530 3168 614 3226 miles
654 3170 703 3230 illo
742 3171 831 3229 rebus
868 3171 990 3247 perditis
1027 3169 1230 3244 desperatione

240 3259 338 3332 actus,
356 3256 435 3315 vitae
453 3257 607 3336 prodigus,
633 3260 770 3335 sibique
789 3263 899 3337 pariter
913 3261 1229 3338 atquehostiiratusin

239 3346 366 3406 iurarem
389 3348 487 3407 verius
512 3365 599 3426 quam
622 3353 823 3413 fortitudinem
853 3353 987 3414 bellicam
1017 3357 1169 3428 protrusus
1198 3352 1229 3406 et

240 3434 379 3510 abreptus
404 3440 458 3518 sit,
484 3442 527 3499 ita
552 3461 583 3499 se
608 3444 807 3504 Horatiusait
830 3446 1018 3508 acerbissima
1037 3460 1129 3519 eaque
1147 3442 1229 3501 fatali

241 3524 403 3586 calamitate
433 3548 566 3605 pressum
592 3534 708 3604 iactura
745 3536 912 3614 diguitatis,
947 3536 1090 3596 libertatis
1127 3533 1228 3607 reique

240 3617 389 3676 iamiliaris
408 3621 446 3676 ad
464 3639 529 3680 eam
547 3639 638 3698 usque
657 3628 855 3684 morositatem
873 3630 903 3684 et
921 3627 1032 3686 rabiem
1050 3626 1229 3702 compulsum

241 3723 323 3785 aare,
352 3712 385 3767 ut
402 3711 493 3772 totius
512 3714 600 3791 vitae,
620 3718 678 3774 sni
703 3719 826 3793 ipsias
850 3721 882 3776 et
900 3719 1049 3777 hominum
1068 3735 1136 3776 osor
1152 3717 1228 3774 indi·

241 3800 426 3879 medonem,
452 3803 596 3883 dolorem,
621 3808 734 3886 odium,
760 3810 832 3868 iram
857 3811 1071 3892 contumeliosis
1096 3808 1227 3868 versibus

1244 2343 1247 2356 ·
