2758 4544
536 255 742 351 ...gn

183 457 187 463 ·
223 445 336 506 Deinde
354 461 495 522 nusquam
513 449 682 523 posterioris
700 449 838 525 temporis
856 449 1019 524 vestigium¹
1028 452 1132 510 000101

149 536 224 596 Nam
247 555 302 597 nec
328 537 421 596 Cassii
435 538 523 596 illius
547 541 669 600 libaret
690 542 840 617 „ambusti
863 543 958 617 capsis
983 545 1013 600 et
1029 540 1133 601 libria“

148 628 324 687 mentionem
340 623 426 708 (Sat
439 631 466 706 1,
487 631 530 687 10.
550 624 614 708 62.)
625 647 708 689 0000
728 633 879 706 quisquam
894 637 962 708 post
980 633 1134 695 accuratis·

149 719 251 778 simam
274 720 435 802 Weicherti
460 720 686 796 disputationem
709 717 769 804 (de
792 725 859 784 Var.
886 727 916 782 et
935 725 1015 784 Cass.
1039 724 1133 782 Parm.

137 827 176 888 p.
202 811 258 868 210
284 827 326 884 sq.
351 811 426 884 inpr.
446 812 510 870 265.
524 807 593 893 66)
619 813 657 870 ad
683 813 815 872 Cassium
838 817 1033 876 Pammenem
1050 819 1143 890 janno'

147 919 176 960 0.
197 903 304 960 0123.
331 901 511 960 demortuum
534 905 657 981 referet,
682 905 908 982 0000011000,
932 906 1043 978 inqua
1065 906 1134 964 novi

62 1043 65 1054 ,
147 981 325 1051 Maecenatis
344 994 420 1051 horti
438 995 470 1050 in
487 995 625 1068 Esquiliis
644 995 787 1054 aedificati
812 990 855 1078 (v.
881 996 908 1054 7.
928 999 959 1054 et
978 989 1040 1076 14.)
1051 1013 1135 1054 oom-

146 1087 350 1162 memorantur‚
370 1101 435 1142 cum
446 1085 605 1146 Kirehnero
616 1090 734 1160 quaest.
754 1084 783 1166 ᾗ.
802 1089 848 1146 04.
867 1103 897 1162 p.
918 1087 962 1144 16.
981 1089 1136 1162 propteroa

146 1166 228 1234 anno
242 1177 304 1234 721.
332 1176 515 1234 attribuenda
540 1179 600 1254 est,
626 1177 890 1256 0001100012,
916 1179 943 1236 3.
969 1194 1045 1236 anno
1069 1178 1134 1235 122.
1159 1203 1161 1205 ·

147 1268 253 1342 scripta
264 1269 417 1351 Maecenas
435 1267 467 1324 in
480 1267 656 1328 aetlificando
668 1274 825 1346 occupatus
834 1272 973 1346 appareat
985 1265 1029 1352 (v.
1042 1263 1134 1350 ala),

134 1362 268 1433 'utraque
292 1361 382 1430 igitur
406 1362 535 1434 tempore
560 1377 620 1418 non
637 1362 724 1420 nimis
748 1362 826 1422 inter
850 1379 882 1420 se
907 1361 1052 1432 disjuncta
1070 1377 1135 1418 esse

145 1451 280 1525 potuerit
319 1453 364 1508 De
378 1466 435 1524 qua
448 1468 480 1508 re
500 1450 593 1528 dicam
611 1453 695 1512 inira.
715 1453 805 1514 Immo
823 1442 866 1514 nil
883 1453 1007 1528 impedit
1024 1451 1135 1526 quomi-

144 1559 200 1600 nus
224 1545 317 1599 totum
340 1541 446 1606 librum
464 1559 540 1602 anno
559 1562 587 1604 u.
608 1564 632 1604 0.
651 1525 723 1605 ula
742 1549 903 1606 confectum
926 1543 1016 1602 fuisso
1034 1545 1065 1600 et
1087 1542 1136 1598 vel

144 1631 200 1690 boc
219 1634 267 1690 vel
286 1635 418 1706 sequenti
429 1635 534 1692 -hoc
553 1637 631 1693 enim
648 1638 681 1694 in
698 1655 730 1694 re
748 1638 859 1696 incerta
875 1636 983 1708 largiar
999 1633 1135 1706 -paulo
1246 1704 1251 1718 Ι

144 1727 212 1798 post
232 1724 258 1780 l.
280 1725 442 1796 Georgicon
460 1727 570 1799 publici
583 1727 659 1798 juris
678 1731 786 1786 iactum
804 1744 868 1784 esso
889 1728 1056 1784 statuamus.
1075 1754 1113 1770 -

219 1815 309 1872 Porro
328 1815 407 1874 idem
425 1817 549 1872 suadent
567 1818 626 1874 Sat
647 1818 680 1894 1,
701 1819 746 1875 10.
761 1831 809 1874 us.
829 1817 866 1874 45
885 1831 944 1890 sq:

442 1939 481 1952 -
499 1908 584 1964 molle
603 1909 691 1982 atque
710 1907 836 1976 facetum

293 1999 413 2071 Virgilio
433 2002 597 2056 annuerunt
614 1999 776 2071 gaudentes
793 2015 860 2056 rure
880 1992 1031 2058 Camenae.

142 2090 219 2148 Nam
237 2105 275 2148 ex
298 2091 345 2148 his
371 2093 491 2166 apparet
521 2090 674 2162 Virgilium
697 2092 747 2148 illu
771 2093 902 2166 tempore
920 2090 1056 2148 Bucolica
1073 2093 1137 2148 tan-

143 2184 206 2238 tum
231 2183 262 2238 et
291 2181 434 2256 Georgica
465 2182 633 2260 scripsisse,
665 2183 790 2240 necdum
815 2181 976 2240 Aeneidem
1006 2182 1136 2257 coepisse
1236 2179 1239 2191 '

144 2273 211 2331 stilo
228 2273 352 2344 signare.
391 2276 457 2336 Jam
476 2290 542 2333 curn
561 2275 703 2346 Georgica
721 2291 797 2332 anno
816 2291 844 2332 u.
858 2273 959 2332 0124.
980 2273 1138 2349 absolverit

143 2365 173 2420 et
191 2367 255 2421 tum
271 2364 397 2422 Aeneidi
408 2365 603 2422 conficiendae
616 2382 734 2440 operam
746 2365 870 2441 dederit,
888 2362 1003 2422 Horatii
1019 2365 1137 2425 satiram

144 2457 276 2528 apertum
301 2459 429 2512 estnon
454 2458 523 2529 post
552 2453 634 2514 illum
659 2472 767 2515 anuum
791 2456 930 2529 scriptam
961 2471 1034 2512 ease.
1079 2453 1137 2512 Sed

143 2529 306 2614 antecessit
319 2546 408 2604 etiam
425 2547 548 2604 multum
565 2545 597 2604 id
615 2549 739 2620 tempus.
776 2545 853 2604 Nam
869 2546 946 2602 inv.
966 2543 1012 2600 42.
1031 2543 1137 2616 perho-

143 2635 263 2690 norifica
280 2635 418 2694 Pollionis
436 2638 546 2694 mentio
564 2637 708 2713 injicitur,
733 2639 766 2692 ut
784 2634 836 2708 qui
852 2637 921 2690 tunc
939 2633 1036 2706 ipsum
1053 2649 1137 2705 prae-

144 2724 337 2784 stantissimas
358 2727 527 2797 tragoedias
552 2723 708 2799 scripserit.
745 2725 775 2786 Is
800 2741 870 2782 vero
893 2723 1059 2784 intermisso
1085 2723 1136 2780 ali-

117 2815 314 2891 quantisper
340 2816 467 2888 tragieao
497 2817 595 2890 poesis
625 2815 721 2872 studio
745 2831 772 2871 a.
797 2831 826 2870 u.
852 2831 877 2870 c.
903 2815 968 2870 124.
994 2813 1034 2868 ad
1063 2828 1138 2886 opus

142 2907 314 2966 historicum
332 2907 562 2982 componendum
581 2923 613 2964 se
634 2905 776 2980 accurrit,
796 2920 912 2982 „armo
930 2902 1039 2964 ’0101110
1055 2919 1137 2964 stette-¹

144 3002 368 3072 nuncapium
386 3007 481 3060 uncta
499 2999 678 3060 muortbw’
697 2996 911 3072 descripturus,
931 2993 997 3070 ipso
1015 2995 1137 3052 Horatio

143 3092 219 3148 teste
239 3084 303 3171 (od.
322 3090 357 3168 2,
378 3091 403 3148 1.
424 3093 459 3149 01.
479 3091 591 3149 Weich.
605 3089 727 3160 deltae.
748 3089 778 3152 et
798 3087 878 3146 Cass.
898 3103 927 3161 p.
947 3077 1020 3167 50).
1058 3086 1137 3158 Ergo

145 3181 264 3240 satiram
282 3181 327 3240 10.
347 3183 429 3256 prius
448 3183 596 3242 exustam
621 3196 686 3238 esse
711 3181 834 3256 apparet
858 3193 945 3254 quam
966 3177 1058 3238 Pollio
1076 3175 1137 3234 bel-

145 3489 170 3552 §.
187 3490 211 3540 0.
227 3490 318 3540 Wcieb.
334 3506 359 3554 p.
377 3491 419 3540 rel.
433 3506 461 3554 p.
479 3491 535 3540 000.
552 3489 583 3539 de
599 3489 657 3540 Var.
674 3491 701 3538 et
717 3489 786 3537 0000.
803 3503 826 3552 p.
842 3487 884 3538 40.
902 3489 928 3536 01
943 3487 1031 3552 alibi).
1045 3524 1048 3528 -
1069 3483 1138 3540 Quod
1201 3521 1204 3532 .

144 3558 339 3618 quemadmodum
367 3564 412 3620 pet
439 3573 467 3607 00
487 3557 628 3607 incredibile
650 3559 676 3606 et
698 3555 872 3606 subabsurdum
893 3558 931 3606 est
953 3557 1073 3619 statuere:
1101 3553 1139 3600 ita
1209 3589 1213 3604 .

145 3623 167 3670 01
183 3625 344 3686 noningeuio
361 3627 427 3673 certe
443 3627 497 3672 arte
512 3624 608 3673 Horatii
624 3623 755 3685 indignum.
788 3620 818 3672 V.
835 3621 905 3671 modo
922 3622 974 3670 Sat.
991 3619 1021 3680 1,
1038 3618 1061 3668 4.
1078 3617 1137 3668 100.

145 3687 244 3748 1001,
262 3691 286 3739 0.
302 3688 361 3739 122.
383 3690 458 3739 Multo
480 3691 569 3739 rectius
592 3690 623 3739 de
644 3689 730 3739 studiis
748 3692 773 3738 et
789 3683 960 3752 multiplicibus
974 3689 1026 3750 ejus
1042 3683 1137 3738 exerci—
1159 3687 1163 3704 '

145 3754 277 3884 2⁸2⁰?quss
289 3755 436 3842 judicavere!
447 3757 549 3808 Passuv·
566 3757 610 3807 vit.
628 3771 653 3822 p.
670 3757 712 3808 00.
728 3760 778 3807 001.
795 3755 852 3807 117.
869 3754 910 3807 20.
926 3754 985 3806 101.
1001 3757 1027 3804 01
1043 3750 1136 3806 Grates·
1152 3824 1154 3827 ι
