2790 4566
541 301 917 368 ··-1ffl-‘

249 467 407 543 posthanc
427 466 563 540 scriptam
582 481 663 541 esse,
675 455 871 523 nou—temere
891 463 1026 535 colligere
1045 463 1117 522 mihi
1143 465 1245 526 videor

249 559 337 618 θνα.
349 560 403 616 104
423 573 483 634 sq.,
509 557 541 612 in
566 555 671 629 quibus
690 560 778 631 poeta
796 557 853 614 iter
871 554 943 612 illud
967 555 1175 614 Brundisinum
1199 575 1245 616 re·

250 651 394 725 spexitet
411 649 454 705 ita
471 646 612 723 respexit,
631 650 665 704 ut
684 648 771 704 simul
789 647 1007 722 confirmentur,
1027 662 1103 720 quae
1122 648 1161 705 <le
1180 647 1264 726 ejus,

223 783 224 790 1
249 747 379 816 tempore
398 740 485 798 autea
503 737 652 812 disputata
670 743 746 796 sunt.
786 740 890 816 „Nunc
909 735 1012 814 mihi,“
1032 738 1139 816 inquit,
1174 728 1190 754 ⁸

392 896 393 901 ἵ
648 831 753 908 „Nunc
771 830 845 888 mibi
864 832 946 908 curto
1059 887 1062 894 ,

326 982 329 990 ,
361 924 407 988 lre
426 922 495 980 licet
512 922 591 984 mulo
608 921 671 999 vel,
692 921 718 978 si
736 921 819 998 libet,
838 937 936 997 esoce
954 921 1130 998 loreolam,
1189 968 1193 986 .
1225 955 1228 962 ’

258 1061 260 1066 .
365 1013 495 1072 Manlios
504 1015 552 1071 cui
562 1012 676 1072 lumbos
688 1029 777 1071 onere
787 1013 897 1072 ulceret
911 1015 999 1086 atque
1015 1030 1105 1089 eques
1121 1015 1245 1071 armos.''

135 1175 146 1182 ,
250 1108 325 1170 Hinc
344 1107 464 1164 satiram
482 1105 510 1162 6.
529 1105 662 1178 proxime
675 1108 743 1179 post
759 1107 991 1179 praecedentem
1010 1112 1143 1164 αωαααια
1162 1121 1246 1164 coco

249 1217 281 1258 α.
301 1215 324 1258 c.
353 1199 431 1255 717.
457 1200 654 1270 compositam
678 1213 744 1256 esse
769 1197 845 1255 dico.
883 1196 978 1264 Quem
1002 1197 1246 1270 computationem

251 1287 576 1348 commendantomnia.
614 1287 742 1346 Primum
767 1289 803 1346 de
827 1288 989 1363 posteriorc
1013 1291 1141 1361 tempore
1166 1287 1246 1359 cogi-

250 1382 308 1438 tari
325 1379 436 1452 nequit.
474 1373 551 1438 Nam
569 1394 596 1436 a.
623 1381 687 1437 718.
714 1384 744 1438 et
768 1379 991 1454 insequentibus
1014 1380 1167 1436 Maecenas
1193 1378 1245 1435 ab·

252 1474 335 1529 sente
349 1471 474 1528 caesare
488 1474 628 1556 „cunctos
646 1476 731 1546 opud
747 1473 877 1532 Romam
896 1477 988 1546 atque
1003 1472 1127 1530 ltaliam
1142 1485 1241 1544 proc·-

251 1566 369 1636 pomos
386 1558 493 1637 erot,“
507 1562 540 1617 ut
559 1561 601 1618 ait
618 1563 687 1620 Tac.
707 1563 812 1623 Annei.
832 1564 861 1639 6,
882 1563 927 1620 11.
947 1557 999 1644 (cl.
1018 1563 1076 1620 Dio
1096 1563 1178 1620 (lass.
1198 1562 1244 1638 49,

252 1654 298 1712 16.
318 1652 365 1709 lin.
385 1650 424 1710 τα’
442 1669 474 1708 τε
499 1647 578 1708 ἄλλα
602 1648 640 1710 τὰ
664 1647 695 1711 ἒν
719 1655 755 1730 τῇ
780 1653 868 1712 πόλει
896 1653 932 1730 τῇ
960 1671 992 1712 τε
1020 1653 1111 1730 λοιπῇ
1134 1650 1247 1736 Ἰταλία

147 1763 161 1794 ⁸
252 1741 344 1815 Γάϊος
361 1761 407 1812 τις
425 1741 584 1815 Μαικήνας
608 1739 684 1821 ἀνὴρ
709 1740 816 1817 lacsir
839 1745 890 1803 rol
914 1742 999 1804 τότε
1024 1745 1087 1802 καῖ
1111 1741 1246 1817 insece

251 1831 303 1896 lui
320 1830 395 1893 noti
415 1827 573 1910 διῴκησεν,
592 1833 663 1910 ibiq.
683 1835 804 1910 interpr.
826 1832 933 1915 (stum.
952 1833 1245 1918 v.p.590.)ve110j.

251 1929 314 1986 Pet.
334 1927 363 2002 2,
382 1922 457 2004 88).
495 1925 585 1996 Cujus
604 1925 725 1984 honoris
741 1928 881 1986 Horatius
898 1927 936 1986 ab
955 1927 1041 1984 initio
1060 1927 1177 2004 sabine,
1195 1924 1249 1984 ubi

167 2021 174 2051 ³
252 2017 435 2077 nobilitatem
459 2015 609 2088 praedicat
632 2017 827 2093 Maecenatis,
856 2018 935 2077 baud
959 2017 1047 2075 dubie
1071 2019 1247 2076 mentionem

253 2109 381 2183 lecisset,
401 2108 428 2163 si
446 2123 511 2164 eam
528 2108 577 2164 vel
595 2124 624 2164 a.
642 2107 707 2165 718.
726 2107 775 2165 vel
792 2112 896 2183 postea
914 2108 1088 2183 scripsisset.
1108 2110 1149 2166 At
1160 2109 1248 2184 plene

172 2211 174 2224 ¹
253 2199 310 2256 hec
329 2199 365 2254 de
383 2213 416 2254 re
435 2198 535 2256 tacuit.
573 2197 651 2266 Quin
669 2215 708 2256 ex
725 2215 801 2258 vers,
821 2201 954 2257 30-39.
980 2199 1134 2258 manifesto
1157 2215 1249 2274 appo·

254 2292 302 2346 ret
319 2289 518 2346 Maecenatem
541 2290 670 2350 noudum
689 2291 822 2349 Caesaris
847 2291 980 2366 partibus
998 2291 1128 2348 iunctum
1146 2291 1247 2348 luisse.

255 2381 396 2454 Alioquin
423 2381 475 2438 vix
499 2380 672 2451 dehomine
696 2397 773 2439 novo
801 2386 832 2440 et
858 2382 997 2460 ignobili,
1026 2383 1077 2456 qui
1095 2382 1250 2459 imperium

256 2474 381 2549 teneret,
400 2473 491 2530 verba
509 2474 627 2531 lecisset
644 2474 733 2532 baec:

408 2563 467 2640 Sic,
488 2564 539 2638 qui
558 2565 713 2642 promittit,
733 2565 945 2644 cives,urbcm
964 2567 1021 2627 sibi
1039 2581 1138 2644 curae,

405 2655 563 2728 inperium
581 2657 653 2733 lore,
673 2659 704 2712 et
721 2656 836 2717 ltaliam
855 2662 886 2716 et
904 2659 1027 2720 delubra
1047 2657 1184 2734 deorum3

320 2783 322 2788 ,
406 2744 472 2812 Quo
490 2748 573 2820 patre
593 2749 634 2804 sit
651 2748 749 2824 natus,
768 2765 839 2808 num
850 2750 951 2822 ignote
962 2755 1054 2808 matre
1066 2750 1247 2826 inhonestus,

243 2825 245 2833 ’
392 2829 514 2894 'Omnes
533 2839 669 2896 mortales
687 2855 789 2898 curare
809 2845 839 2898 et
857 2825 998 2916 quaerere
1016 2841 1102 2912 cogit

404 2928 497 3004 Tune,
517 2929 591 3005 Syn',
610 2931 733 2988 nomae
750 2933 801 2986 aut
819 2933 949 3008 Dionysi
962 2931 1062 3006 filium,
1081 2930 1173 2988 audes

403 3019 538 3092 Dejicere
558 3037 575 3075 e
594 3035 666 3077 saxo
685 3019 775 3094 cives,
794 3023 845 3078 aut
862 3021 978 3079 tradere
997 3015 1127 3080 Cadmei

256 3107 335 3179 Ergo
361 3110 451 3168 satira
481 3125 589 3167 aunum
612 3107 642 3166 α’.
668 3126 693 3166 c.
721 3109 786 3166 718.
816 3110 983 3168 antecessit.
1020 3111 1123 3186 Neque
1150 3115 1249 3172 tamen

258 3200 326 3256 ante
346 3215 372 3256 a.
392 3199 456 3258 717.
476 3202 575 3276 potest
592 3203 658 3258 orta
676 3215 752 3278 esse,
771 3202 805 3260 ut
822 3203 886 3262 tum
910 3219 947 3262 ea
964 3202 1089 3279 probent
1106 3218 1182 3280 quae
1200 3221 1251 3264 su·

234 3305 311 3364 ·prs
329 3291 425 3367 attuli,
442 3295 505 3348 tum
522 3308 550 3350 v.
571 3291 633 3350 bis

405 3383 492 3443 Nulla
510 3383 620 3442 etenim
637 3383 711 3442 mibi
728 3388 759 3444 te
776 3388 837 3446 lors
855 3386 978 3464 obtulit,
997 3387 1123 3461 optimus
1141 3388 1213 3448 clim

406 3473 561 3549 Virgilius,
580 3475 743 3550 posthunc
761 3478 867 3535 Varius
886 3477 997 3552 dixere,
1016 3477 1087 3550 quid
1105 3493 1210 3536 essem.

257 3557 413 3632 Perperam
430 3562 588 3618 weicheri.
608 3564 645 3620 de
661 3565 735 3622 'Varo
750 3568 781 3621 et
800 3567 880 3624 cass.
899 3582 929 3640 p.
949 3566 995 3623 48.
1020 3567 1140 3626 satiram
1162 3568 1249 3630 initio

258 3649 329 3706 anui
347 3649 430 3726 7215
447 3651 565 3708 Passov.
585 3655 637 3710 vit
650 3655 711 3709 not.
724 3653 788 3711 166.
801 3670 831 3730 p.
843 3655 935 3716 LXlI.
946 3654 1117 3737 ,718-19,;
1128 3659 1247 3722 Kircbn.

260 3740 320 3798 tob.
345 3739 405 3798 chr.
434 3741 465 3799 et
494 3741 605 3799 Grctet
633 3759 662 3817 p.
690 3743 794 3804 4611).
823 3762 900 3806 anno
927 3747 992 3808 718.
1023 3749 1247 3827 adscripserunt.

261 3830 377 3890 Mecum
394 3831 479 3908 plane
498 3833 568 3893 lacit
585 3834 747 3916 Wicland„
775 3836 826 3915 qui
853 3839 885 3900 in
912 3841 973 3902 not.
1000 3841 1044 3902 18.
1071 3843 1143 3904 buce
1170 3842 1265 3918 incar,
