2790 4566
492 149 831 289 .-⁹o-'

226 360 317 446 esset,
336 360 399 420 tum
415 373 453 419 ne
472 357 594 420 mortuis
609 357 727 432 quidem
739 359 925 432 pepercisset.
963 317 1061 428 Quare
1077 365 1212 431 uberiore

225 451 280 516 hac
303 450 418 522 Tigellil
441 449 576 512 irrisione
590 465 632 530 se
656 464 716 524 nou
739 449 882 538 immerito
906 467 999 527 nuper
1027 454 1059 513 oi
1085 456 1213 518 illusisse

224 541 370 619 ostendit,
392 544 480 616 atque
503 541 543 598 in'
558 539 670 614 reique
695 541 928 620 satuaeparte,
959 543 1031 604 dum
1054 548 1213 612 amicam

224 634 296 694 vilia
318 634 423 696 leniter
446 631 565 696 ferenda
593 648 648 694 nee
678 632 776 694 omnia
805 637 925 708 peccata
955 636 1108 696 fastidiose
1137 657 1212 714 pre..
1337 645 1344 654 ·

222 724 328 788 menda
345 741 410 786 esse
430 724 565 800 exponit,
590 741 609 782 a
632 724 751 786 comino
780 726 949 786 temerariae
974 728 1129 790 veromandi
1145 732 1211 790 libi·

223 817 386 878 rlinissese
402 815 548 892 defendit,
572 818 605 878 et·
624 817 737 881 tanturn
755 816 888 878 candoris
914 817 1011 876 animo
1036 836 1089 878 sno
1114 822 1210 884 inesse
1282 867 1287 871 -

142 937 150 944 r
185 905 187 912 '
221 909 341 985 probat,
367 910 506 984 quantum
529 908 611 967 atrae
637 905 705 966 bilis
730 907 873 968 criminati
903 909 963 966 sint
992 910 1209 972 obtrectatores.
1237 933 1239 938 ·

221 1001 267 1060 lta
282 999 356 1060 satis
375 1001 467 1060 artam
485 991 839 1075 apperet‘cohaerentiam
851 1015 916 1058 osse
934 1000 1012 1058 inter
1030 1004 1058 1060 2.
1077 1004 1143 1060 etit.
1157 1008 1209 1062 ‘sa-

221 1095 316 1152 tiram.
351 1091 505 1152 Praeterea
530 1105 596 1152 oum
619 1090 734 1162 Tigellii
757 1091 897 1168 mamona
915 1091 1049 1153 nondum
1067 1094 1211 1156 emtincta

221 1186 318 1259 esset,
333 1182 386 1241 rix
402 1172 519 1255 poterat
529 1195 634 1252 magua
652 1182 790 1255 temporis
809 1183 996 1256 intercapedo
1014 1184 1092 1242 inter
1101 1186 1208 1242 utrius·

220 1290 279 1348 quo
297 1273 535 1348 compositionem
553 1287 627 1332 esse.
664 1273 796 1352 Alterum
821 1273 898 1348 quod
916 1275 1016 1352 poeni,
1042 1275 1160 1334 satiram
1178 1277 1206 1334 3.

220 1365 304 1424 broni
328 1367 396 1439 post
419 1363 542 1438 primani
565 1364 798 1434 congressionem
817 1366 955 1440 scriptam
979 1382 1059 1444 esse,
1083 1366 1207 1444 primum

95 1507 98 1512 .
219 1456 361 1536 probatur
378 1458 563 1532 argumento,
582 1470 640 1528 quo
658 1455 769 1514 nullum
786 1458 874 1531 poeta
886 1457 982 1532 aptius
1001 1457 1106 1528 eligere
1119 1461 1207 1531 pote·

219 1551 266 1606 rat
290 1547 329 1606 ad
352 1546 532 1606 Maecenatis
555 1545 683 1606 murum
708 1547 766 1606 sibi
796 1548 1008 1608 conciliandum
1036 1563 1206 1622 omnemne

219 1638 406 1710 malignitatis
431 1637 625 1711 suspicionem
643 1638 849 1699 removendam
872 1633 925 1720 (ot
951 1639 1069 1701 Kirchn.
1095 1643 1205 1714 quaest

219 1747 252 1805 p.
269 1731 314 1788 53.
334 1727 363 1808 ξ.
383 1728 445 1811 9.);
465 1729 571 1788 deinde
589 1745 660 1788 vero
679 1729 776 1791 verbis
795 1730 868 1791 illias
888 1734 1034 1809 ,poetam
1051 1747 1100 1792 oro
1117 1747 1208 1805 coepe

110 1877 119 1888 „
218 1823 344 1881 utentes·
362 1821 520 1881 amorim
545 1821 613 1896 aot,
636 1821 831 1882 Maecenate>
872 1823 955 1893 Haec
978 1822 1056 1882 enim
1081 1822 1207 1900 „timidi-

219 1917 310 1972 tatem
328 1912 473 1987 quandam
491 1914 578 1986 atque
596 1911 738 1972 incertam
755 1929 820 1973 rese
839 1913 958 1984 gerendi
982 1915 1125 1970 rabonem
1143 1929 1207 1974 cum

179 2067 185 2084 p
218 2005 357 2076 longioris
376 2019 446 2060 usus
465 2005 552 2078 atque
570 2002 773 2066 familiaritatis
793 2002 964 2064 confidentia
981 2019 1084 2076 parurn
1103 1991 1207 2074 conre-

218 2095 366 2152 nientem⁷'
385 2094 508 2170 prodere
526 2094 635 2168 optime
653 2095 804 2169 perspexit
824 2095 973 2160 Kbcbnm.
987 2098 1097 2168 quaest.
1110 2111 1139 2169 p.
1158 2097 1204 2152 53.

219 2184 248 2264 ἕ.
267 2186 295 2242 8.
332 2185 395 2242 lam
421 2201 487 2243 curn
509 2186 647 2246 Horatius
672 2190 723 2244 aut
747 2202 773 2248 a.
799 2185 862 2247 715.
887 2189 1013 2244 exeunte
1040 2189 1091 2244 aut
1120 2185 1205 2244 initio

219 2277 367 2351 sequentis
375 2277 576 2334 Maecenatem
586 2277 712 2351 primurn
724 2277 900 2353 convenerit,
912 2276 1062 2351 probabile
1072 2278 1113 2354 ot,
1132 2281 1205 2336 cott-

217 2385 288 2439 rom
305 2372 337 2426 3.
356 2370 408 2426 illo
425 2370 683 2442 dreimtcmporc
699 2372 727 2428 Ιι.
747 2387 771 2428 e.
790 2370 885 2426 Mane
896 2385 969 2426 aaa
983 2370 1063 2428 715.
1079 2375 1108 2427 et
1124 2371 1203 2429 710.

216 2466 383 2520 crasmaro
401 2475 473 2521 crae.
509 2460 556 2518 lta
572 2460 759 2520 Weiobertne
778 2475 892 2536 quoque
912 2459 1014 2518 statuit
1033 2459 1072 2516 de.
1088 2460 1153 2518 Ver.
1174 2463 1205 2516 et

218 2553 298 2611 Cass.
316 2568 346 2625 p.
366 2549 411 2612 44.
431 2553 508 2626 poet.
522 2552 573 2612 rel.
586 2569 615 2626 p.
629 2551 709 2628 151,
729 2554 760 2608 et
778 2551 966 2610 resecarit
979 2551 1047 2611 Hor.
1066 2553 1126 2608 not.
1141 2550 1205 2612 loo

217 2638 266 2722 [in
284 2643 353 2704 coit
374 2645 427 2704 sat.
447 2635 722 2722 (ocrem-1827.)
747 2657 812 2716 pag.
839 2643 885 2702 19.
910 2660 937 2701 a.
962 2638 1148 2724 olo-184.
1167 2673 1205 2686 ·-

216 2734 365 2794 Kirchner.
391 2733 423 2790 in
447 2735 558 2806 quaest.
582 2749 612 2812 p.
637 2733 682 2794 52.
708 2729 737 2810 ξ.
763 2734 780 2789 7
792 2735 869 2792 -o
897 2750 961 2796 eam
975 2735 1110 2812 ‘exeunte
1128 2747 1204 2797 anno
1247 2803 1280 2810 Α,

216 2827 280 2886 tro.
300 2828 351 2886 aut
368 2824 453 2886 initio
472 2824 619 2898 sequentis
639 2825 775 2900 scriptam
793 2827 893 2901 putat3
913 2825 1022 2884 Grotet
1041 2841 1071 2898 p.
1091 2822 1153 2881 461.
1173 2822 1201 2880 b.

217 2932 293 2974 anno
311 2915 377 2976 718.

291 3005 455 3066 mm
478 3004 538 3066 W·
569 3007 718 3084 ,mapalia
748 3011 839 3080 mooe
870 3004 1032 3062 &micion
1059 3004 1097 3062 ob
1125 3019 1201 3061 vers.

216 3097 263 3153 91.
283 3099 313 3155 ct
330 3096 392 3156 ili-z
412 3111 492 3172 „epo
516 3100 544 3157 ot
560 3101 633 3174 rtet,
655 3099 736 3172 paco
759 3099 879 3168 ineptos.
903 3087 1047 3155 Pastillos
1069 3090 1203 3166 Rufillus
1266 3103 1268 3108 '

216 3191 290 3261 olet,
315 3187 494 3262 Gorgonius
515 3189 664 3266 luroaooss’
681 3189 714 3247 in
731 3187 839 3264 quibus
856 3187 1011 3270 respicitur
1028 3205 1056 3244 r.
1076 3187 1122 3244 27.
1142 3187 1201 3244 Sat.

143 3321 146 3325 -
217 3278 654 3356 1‚o,evidenterpoe.t11anc
673 3283 791 3340 exarata
810 3282 871 3357 est,
890 3282 921 3338 et
938 3281 1068 3353 proxime
1087 3277 1203 3351 quidem

216 3373 284 3444 post
301 3370 425 3430 tertiam
463 3372 513 3433 Nil
531 3373 608 3431 certe
627 3371 712 3432 video
731 3372 809 3446 quod
827 3371 895 3428 huia
910 3370 1066 3442 suspicioni
1084 3367 1201 3438 objicia-

216 3464 281 3538 tor,
305 3465 336 3522 et
360 3464 444 3539 plura
467 3466 535 3523 sunt
558 3477 632 3534 quae
658 3463 813 3518 stabiliant.
852 3462 925 3518 Rem
948 3459 990 3516 ita
1015 3475 1047 3514 se
1065 3456 1201 3514 habuisse

215 3552 367 3626 probabile
385 3555 438 3610 est.
477 3551 535 3616 Qui
553 3550 650 3622 iniquo
671 3551 806 3623 tulerant,
825 3548 903 3622 qnod
914 3547 1052 3606 Horatius
1070 3547 1102 3604 in
1113 3547 1202 3610 satira

214 3645 245 3702 2
264 3658 402 3720 pervorsa
419 3639 566 3700 bominum
584 3638 682 3699 studia
699 3643 729 3696 et
752 3655 857 3714 pravos
876 3653 971 3700 mores
994 3639 1086 3698 libere
1104 3641 1201 3698 notas,-

20 3747 28 3754 ·
154 3779 160 3786 .
217 3737 282 3811 set,
300 3737 330 3794 ot
354 3733 413 3812 ila,
436 3733 470 3792 nt
493 3731 541 3790 rel
563 3729 707 3790 nobilibus
732 3730 803 3796 viris
828 3731 858 3790 ot
875 3728 1021 3807 primariis
1038 3731 1201 3806 pembnter
