2758 4544
626 309 666 320 ..
708 267 831 336 44¹..-

243 427 287 496 'dit
304 435 336 494 ln
352 435 534 496 &mecedem
556 431 744 508 Amorginum
768 436 1033 511 elaborasses
1055 434 1224 510 Ephesium.

241 529 308 586 Jam
324 543 394 584 vero
413 527 451 584 ad
469 528 571 585 horum
590 527 763 604 exemplum,
781 527 912 602 inprimis
931 525 1113 602 Archilochi,
1131 527 1223 584 liora-

242 619 300 676 tius
319 634 387 676 suos
405 618 567 692 composuit
580 617 712 696 jambos,
736 618 779 674 ita
803 621 916 696 tamen,
942 620 975 674 ut
991 632 1046 675 nec
1064 615 1161 672 verbis
1178 617 1223 674 in·

241 709 375 767 haereret
403 724 458 767 nec
481 709 547 784 ipsa
576 726 675 766 eorum
705 709 831 768 carmina
859 710 1056 784 converteret,
1091 707 1144 762 sed
1170 722 1224 764 nu-

240 814 384 858 merorum
401 802 513 859 tantum
531 799 766 875 compositionem
788 803 818 858 et
838 799 935 874 poesis
953 797 1079 856 indolem
1097 797 1224 854 imitare-

166 961 168 968 γ
193 913 210 964 g
240 893 289 948 tur
300 885 339 972 ⁴).
376 891 454 963 Ergo
472 895 592 966 apparet
611 908 677 950 eum
695 893 726 947 et
743 891 852 964 ingenii
871 889 1014 967 quandam
1026 889 1225 960 cognationem

140 1017 143 1022 ·
240 997 306 1040 cum
323 981 381 1038 illis
406 982 558 1060 habuisse,
587 985 621 1039 et'
640 982 783 1040 consimili
805 982 883 1052 sitae
912 981 1075 1039 conditione
1103 982 1133 1035 et
1160 979 1225 1052 pari

238 1072 329 1130 animi
346 1071 497 1142 affectione
523 1072 641 1131 ductum
659 1076 742 1131 acuto
766 1073 856 1144 ungui
881 1072 1062 1130 adversarios
1087 1071 1223 1128 secuisse.

238 1163 362 1222 Etiamsi
389 1163 479 1234 igitur
505 1163 549 1222 nil
575 1164 690 1222 aliunde
715 1163 751 1221 de
777 1157 948 1237 aetateque
971 1163 1114 1235 jambicae
1142 1160 1225 1234 poesi

238 1270 358 1328 operam
382 1251 470 1312 dabat
494 1258 654 1332 constaret,
682 1255 846 1334 necessario
875 1258 973 1314 mmen
996 1255 1028 1310 in
1055 1269 1120 1310 eam
1146 1251 1223 1308 vitae

152 1355 154 1360 ’
237 1347 351 1420 partem
374 1343 581 1422 incideremus,
606 1346 638 1402 in
662 1361 720 1418 qua
737 1345 880 1412 libertatis
898 1360 1042 1420 opumque
1062 1343 1174 1416 jactura
1191 1341 1224 1397 in

239 1451 380 1492 summam
397 1434 528 1510 inopiam
546 1436 680 1494 detrusus
706 1439 736 1492 et
754 1436 847 1511 ipsius
865 1452 958 1512 paene
977 1435 1054 1492 vitae
1073 1437 1222 1508 pertaesus

238 1530 309 1584 erat.
341 1525 466 1584 Proinde
485 1527 536 1583 ubi
555 1528 687 1585 caballo
705 1527 886 1602 Philippensi
905 1529 1024 1584 Romam
1041 1524 1138 1601 rediit,
1158 1539 1224 1579 eum

238 1616 276 1674 ad
299 1611 373 1674 hane
397 1617 500 1692 poesin
529 1634 593 1678 sese
622 1618 783 1692 applicasse
808 1618 922 1695 judico,
951 1633 1008 1692 qua
1030 1617 1225 1694 „Fastidiose

147 1719 150 1726 ⁴
216 1699 329 1768 “assas
348 1707 557 1784 oeqsmostat
580 1701 681 1790 (epoa
702 1709 753 1785 17,
773 1699 836 1790 73)
849 1712 991 1786 „cesares
1008 1711 1082 1766 cera
1101 1713 1224 1781 pectora

235 1798 508 1866 souieitediaitsd‘
528 1793 630 1882 (epod.
652 1801 703 1877 13,
723 1793 767 1882 9).
806 1799 897 1875 quue
921 1801 985 1876 ipse
1011 1799 1158 1886 confirmat
1175 1795 1221 1854 ed.
1268 1856 1271 1860 ,

238 1890 411 1968 1‚16.22.:
460 1919 462 1923 ·
1266 1925 1268 1940 .

506 2013 545 2026 -
562 2011 601 2023 -
618 1998 667 2039 me
683 1997 803 2056 quoque
818 1984 946 2054 pectoris

401 2118 405 2126 ,
434 2071 600 2145 Temptavit
616 2061 654 2128 to
673 2072 774 2128 doles·
784 2068 952 2142 jacento

505 2163 620 2221 Peroor
637 2167 667 2219 et
682 2164 716 2219 ta
735 2163 844 2220 celeres
861 2160 977 2218 temtos

432 2254 515 2314 Misit
529 2249 691 2326 herentem.
754 2265 758 2271 “

236 2396 435 2414 Μ

268 2505 269 2508 =
303 2479 332 2546 l)
347 2480 502 2546 Perspicuum
524 2481 594 2544 hujus
615 2483 651 2532 rei
673 2482 849 2544 testimoninm
866 2483 1026 2534 ‘obscuratum
1048 2484 1128 2530 umen
1143 2481 1220 2528 inter-

234 2552 330 2614 pretum
346 2548 492 2613 quorundam
507 2550 591 2611 nugis,
609 2553 647 2598 est
662 2549 727 2613 apud
742 2549 819 2612 ipsum
835 2555 931 2614 poetam
947 2551 972 2598 in
990 2550 1059 2612 epist.
1076 2547 1106 2606 1,
1123 2546 1164 2596 1s.
1181 2545 1220 2596 28.

235 2631 272 2680 sq.
288 2616 415 2681 Respuent
431 2615 513 2665 vilium
529 2616 675 2664 imitatorum
691 2631 787 2664 servum
803 2632 885 2679 pecus,
902 2610 1044 2682 „Libero“
1063 2615 1150 2678 inquit,

382 2680 482 2732 ittera
497 2693 549 2744 pes·
564 2694 678 2732 vomam
693 2684 770 2745 posui
785 2685 1048 2749 oouffla‘prsnceps,
1238 2711 1244 2756 5

382 2747 446 2798 Non
462 2749 551 2798 alteiae
566 2761 625 2800 meo
640 2751 726 2814 presa
741 2749 823 2812 pede5
845 2751 889 2815 ool
905 2747 955 2799 stit
968 2747 1039 2814 Μίῑ,

382 2814 447 2864 Dua
462 2817 533 2880 repit
547 2827 667 2866 eremes-
700 2815 800 2866 Portos
817 2829 865 2882 epo
880 2818 985 2880 pamas
1000 2810 1106 2864 lambos

382 2877 491 2930 Ostendi
507 2881 603 2944 hetto,
627 2893 782 2931 numeros
797 2884 990 2944 animosque
1006 2881 1107 2929 seoutscs

382 2945 552 3010 Archilochi,
568 2961 621 2996 oon
636 2958 680 2997 res
696 2949 722 2996 et
737 2949 845 3010 spendo
860 2944 945 2995 certo
962 2942 1121 3006 Lycamben.

300 3011 328 3088 ln
344 3009 382 3058 his
402 3013 587 3069 „emmaum
609 3026 677 3090 poen
691 3024 737 3060 nou
753 3017 810 3088 ¹taur
826 3012 959 3073 argumenti
980 3010 1100 3058 acerbitas
1116 3005 1219 3070 (Beati.)

234 3075 791 3206 tbltltiistlttttiiltitt
806 3077 961 3192 titiis
974 3075 1220 3202 *sstttitlttt

234 3209 260 3258 ia
271 3209 362 3271 »quihus
378 3206 517 3271 Lycamben
533 3209 656 3272 proscidit.
689 3209 835 3259 imitatorem
852 3210 926 3272 igitur
942 3225 970 3259 se
986 3209 1060 3268 dixit,
1078 3221 1125 3257 uon
1141 3208 1218 3256 inter-

234 3278 340 3338 pretem,
365 3275 428 3339 quod
449 3275 513 3324 haud
530 3277 601 3325 dubie
617 3277 727 3326 malevoli
748 3276 855 3325 homines
878 3277 925 3340 ipsi
942 3277 1152 3339 exprobraverant.
1185 3272 1219 3320 Ac

233 3356 266 3390 ue
281 3342 335 3405 quis
350 3341 376 3389 id
393 3341 486 3405 quoque
502 3343 548 3392 sibi
567 3344 693 3406 opprobrio
710 3343 811 3392 daturus
827 3344 870 3403 sit,
888 3344 951 3406 quod
967 3342 1049 3392 modos
1066 3345 1091 3390 et
1107 3337 1218 3388 carminis

235 3408 428 3470 compositionem
444 3410 568 3459 immutata
583 3411 724 3469 retuderit,
739 3411 850 3474 egregios
866 3415 951 3473 poetas
968 3407 1118 3471 Sapphonem
1135 3407 1160 3454 ct
1175 3403 1218 3451 Al·

234 3475 928 3605 tillut„llllstllttttt“ltttlt‘t
947 3473 1217 3602 astitisti·

164 3649 165 3652 ,
234 3609 295 3665 tere,
311 3619 357 3654 nec
372 3607 503 3656 verendam
519 3609 566 3656 sibi
583 3624 650 3669 csse,
667 3623 698 3656 ae
714 3621 761 3656 non
777 3609 854 3656 libem
869 3621 914 3671 per
930 3620 1031 3656 vacuum
1046 3604 1156 3671 posuisse
1172 3618 1217 3652 ve-

225 3673 307 3736 tatigia
322 3672 433 3736 princeps
451 3673 569 3722 videatur.
603 3675 641 3722 ci.
663 3674 742 3722 ilenti.
764 3673 795 3721 ad
811 3675 834 3724 h.
851 3675 866 3723 Ι.
885 3677 914 3725 et
930 3671 1145 3734 Schnid.,ii10tz.
1161 3669 1216 3720 leot.

234 3739 323 3791 Vesus
340 3753 395 3805 pag·
412 3739 461 3801 lb,
477 3739 578 3790 Passer.
595 3741 638 3792 rit.
654 3743 703 3790 aot
719 3738 778 3804 187,
1322 3747 1327 3769 '
