2790 4566
161 483 231 546 bina
248 503 347 546 mense
365 485 521 546 Decembri
539 503 567 544 a.
587 487 651 546 721.
672 486 780 560 scripta
805 490 858 544 est.
873 482 902 567 ¹)
940 487 1057 557 Annum
1075 487 1150 546 iudi·

147 577 558 638 ·mamemw

705 699 743 712 -··
761 701 799 712 -
819 670 909 745 „lure

298 759 438 820 ,iurando
457 760 637 832 obstringam
655 761 755 818 ambo·
775 762 841 818 utar
860 763 968 820 aedilis
984 763 1107 822 fueritve

311 853 449 912 Vestram
465 859 598 981 praetor,
616 857 644 910 is
661 852 838 926 intestabilis
856 859 886 912 et
903 869 985 912 sacer
1003 857 1075 912 esto.

309 1035 432 1094 Scilicet*
411 1037 476 1092 tut
494 1035 623 1112 plausus,
642 1051 718 1110 quos
734 1021 806 1106 fert
812 1035 957 1112 Agrippa,
975 1037 1051 1093 feras
1070 1039 1114 1113 tu,
1205 1066 1216 1099 r

307 1127 440 1184 Astuta'
432 1141 591 1199 mgeuuum
608 1128 711 1200 volpes
729 1125 843 1184 imitata
860 1122 1022 1184 11011111(ι

158 1229 231 1292 quos
249 1215 290 1274 in
283 1217 410 1276 laudern
428 1221 459 1276 et
476 1205 618 1276 honorem
629 1219 670 1276 M.
683 1219 816 1294 Vipsanii
828 1218 982 1294 Aprr’ppae
1000 1218 1114 1292 poeta
1104 1235 1150 1276 ι1

158 1306 308 1382 terposuit.
336 1311 378 1368 'Is
396 1311 474 1368 enim
493 1329 519 1368 a.
540 1305 608 1368 721.
626 1315 729 1384 sponte
755 1311 912 1368 aedilitatis
931 1327 1035 1368 munus
1060 1311 1150 1370 subiit

158 1402 189 1458 et
206 1403 266 1460 tam
290 1401 366 1458 ludis
393 1403 569 1460 circensibus
601 1405 631 1459 et
660 1404 832 1476 spectaculis
863 1403 1150 1474 magnificentissime

158 1492 305 1566 apparatis
325 1509 411 1566 quam
422 1495 546 1568 publicis
558 1492 697 1551 aedificiis
709 1494 901 1568 pulcherrime
915 1495 1071 1551 exstructis
1085 1511 1150 1552 eam

157 1584 236 1656 apud
261 1586 400 1658 populum
424 1585 586 1642 Romanum
609 1585 675 1641 iniit
701 1587 839 1660 gratiam,
858 1588 906 1660 ut,
926 1586 1099 1658 ubicumque
1118 1587 1150 1644 in

157 1674 220 1744 ejus
240 1679 426 1749 conspectum
443 1675 711 1768 reniretffiingenti
735 1676 839 1748 plausu
863 1675 1047 1748 exciperetur
1074 1669 1151 1752 (Dio

108 1779 112 1787 ¹
156 1762 621 1845 49,43.P1in.h.n.36‚13.).
660 1767 741 1822 Haeo
760 1766 850 1836 igitur
863 1766 973 1835 gratiae
987 1766 1150 1839 captandae

155 1871 261 1913 caussa
272 1859 410 1914 Horatius
429 1857 548 1914 intrusit
560 1857 698 1932 poemati,
716 1873 771 1913 nec
791 1857 847 1912 alio
859 1858 989 1929 profecto
1008 1860 1150 1935 tempore,

156 1961 246 2020 quarn
265 1963 322 2021 quo
341 1949 489 2023 Agrippae
508 1963 616 2006 nomen
634 1947 672 2004 ob
693 1947 810 2018 egregia
828 1946 920 2024 facta,
940 1963 1014 2020 quae
1035 1950 1150 2018 togatus

156 2043 322 2116 perageret,
341 2040 373 2098 iu
392 2041 520 2097 omnium
538 2057 608 2096 aure
628 2041 659 2094 et
677 2053 728 2094 ore
747 2037 895 2096 haerebat.
939 2039 1035 2097 Nemo
1053 2043 1150 2096 autem

155 2129 235 2206 inde,
254 2131 334 2204 quod
352 2148 388 2188 ea
406 2132 497 2190 verba
515 2131 619 2191 Servio
638 2129 765 2205 Oppidio
779 2131 925 2188 Canusino
943 2130 1053 2188 tributa
1072 2132 1150 2209 sunt,

156 2220 207 2294 qui
231 2251 234 2262 ·
370 2233 373 2242 '
478 2214 481 2218 ’
746 2222 851 2299 „dives
936 2222 962 2243 ³·

226 2349 227 2358 .
305 2310 434 2390 Antiquo
455 2331 553 2393 censu,
575 2315 798 2387 gnatisdivisse
819 2313 931 2372 duobus

304 2408 415 2468 Fertur
435 2411 465 2464 et
484 2408 556 2464 haee
575 2407 702 2463 moriens
722 2405 821 2478 pneris
841 2406 950 2463 dixisse
969 2408 1080 2464 vocatis

304 2494 556 2554 1111111111-

155 2587 281 2664 colliget,
301 2589 421 2646 satiram
439 2589 529 2645 multo
548 2591 615 2662 post
633 2590 757 2644 mortem
769 2585 862 2644 Servii
874 2585 973 2660 Opidii
993 2585 1022 2642 et
1041 2585 1150 2644 idcirco

155 2678 249 2736 multo
267 2679 334 2752 post
353 2671 532 2734 'aedilitatem
550 2680 698 2753 Agrippae
724 2674 913 2752 compositam
938 2693 1011 2734 esse.
1051 2677 1150 2735 Facile

156 2768 236 2827 enim
254 2770 300 2825 est
319 2767 357 2824 ad
375 2767 605 2844 intelligendum,
624 2771 778 2826 Horatium
793 2772 888 2825 totam
905 2769 1150 2826 narratiunculam

155 2877 216 2918 non
235 2859 273 2917 ad
291 2859 445 2916 veritatem
465 2859 644 2936 depinxisse,
665 2859 718 2915 sed
737 2861 774 2916 ad
790 2859 941 2916 arbitrium
954 2861 1148 2916 conformasse

133 3007 137 3020 ,
157 2953 237 3010 etin
255 2968 341 3009 usum
360 2966 444 3007 suum
471 2951 658 3008 convertisse.
702 2950 742 3008 Ut
766 2951 965 3008 Nomentanus
991 2952 1021 3006 et
1047 2940 1163 3008 0111111Ι

155 3045 288 3102 Romam
312 3060 330 3100 a
358 3043 513 3102 Canusino
541 3045 715 3118 carpuntur,
748 3042 798 3115 qui
822 3044 944 3099 fortasse
968 3056 1006 3097 ne
1030 3041 1149 3100 nomina

158 3134 275 3208 quidem
300 3150 400 3191 eorum
421 3137 558 3192 noverat:
582 3135 625 3192 ita
648 3135 787 3192 Horatius
812 3134 971 3208 Agrippam
988 3133 1087 3192 laudat
1105 3133 1150 3194 in-

221 3331 252 3398 1)
274 3333 383 3382 Pristino
406 3333 599 3396 perfectissimae
619 3333 691 3395 hujus
715 3335 807 3382 satirae
836 3333 908 3380 nitori
935 3333 1098 3394 turpissimum
1125 3333 1151 3380 et

157 3403 335 3450 monstruosum
358 3413 437 3463 paene
459 3401 595 3462 scripturae
616 3402 702 3448 sitium
723 3401 756 3448 ad
777 3401 840 3448 huuc
856 3413 932 3461 usqne
949 3399 1011 3448 diem
1028 3398 1131 3448 olfecit
1124 3411 1150 3448 m

156 3481 182 3515 v.
198 3467 256 3517 276.
263 3468 353 3530 ‚quod
370 3467 453 3515 doleas
475 3481 535 3515 saue
556 3469 693 3530 nuperrime
716 3483 743 3515 co
770 3464 903 3514 endatum
921 3481 974 3514 esse
991 3466 1096 3514 denuoa
1112 3466 1150 3514 Cl.

156 3532 372 3582 biitscherlicbio'
365 3547 390 3582 ru
413 3531 1108 3598 sarmatarum.las.11.(G0tting.182a.)p
1125 3533 1150 3582 8.

157 3599 263 3662 aonprr
277 3602 408 3662 Horatius,
425 3603 452 3649 11
468 3601 536 3651 breti
553 3601 702 3664 praecidam:

603 3667 675 3716 aede
689 3681 798 3716 cruorem

307 3734 432 3783 Stultitiae
448 3739 521 3798 atque
538 3736 617 3797 ignem
633 3735 712 3796 gladio
730 3739 839 3782 samtare
855 3732 938 3793 modo,
956 3733 984 3782 in
1000 3744 1075 3798 quern

306 3799 408 3847 Hellade
424 3815 539 3863 percussa
555 3801 647 3849 Marius
665 3815 717 3850 oum
734 3801 879 3864 praecipitat
895 3815 936 3859 se,

308 3865 496 3916 Gerrtbrsfuitf
512 3895 546 3906 -·-
563 3869 594 3916 el.
612 3868 683 3930 epist.
699 3868 724 3928 1,
741 3867 782 3917 18.
799 3868 831 3917 81
849 3881 885 3929 sq.
990 3869 992 3873 ’

909 3945 954 4001 8*
