2758 4544
483 1221 847 1336 e‘A'P.11·.“
916 1279 919 1284 »

210 1435 247 1488 De
263 1435 410 1504 temporibus
426 1437 512 1504 quibus
529 1439 670 1488 Sermonum
686 1437 741 1488 libri
757 1438 842 1505 scripti
859 1441 885 1490 et
901 1437 960 1489 editt
976 1439 1073 1490 tuerint

601 1677 630 1758 p.
651 1680 678 1738 1.

220 1787 297 1837 Liber
312 1789 454 1838 Sermonum
469 1785 560 1849 primus
576 1800 639 1837 euno
655 1800 680 1835 u.
697 1801 718 1836 e.
734 1784 793 1836 tte.
809 1788 957 1839 monobiblue
974 1787 1060 1840 editur.

143 1913 296 2008 Omnium
315 1966 391 2030 quae
410 1949 529 2024 quidem
547 1953 673 2010 aetatem
691 1951 820 2010 tulerunt
836 1949 951 2010 Horatii
972 1954 1137 2027 poematum

140 2061 291 2102 numerum
306 2059 363 2100 uuo
376 2043 480 2101 obtutu
499 2043 538 2101 ad
556 2046 687 2118 tempora
699 2042 862 2101 definienda
872 2041 1060 2117 perlustranti
1077 2059 1137 2100 uon

140 2139 237 2210 potest
261 2152 320 2194 non
344 2138 459 2206 gratum
483 2140 690 2211 acceptumque
716 2153 796 2214 esse,
822 2136 901 2210 qnod
919 2133 1012 2209 ipsius
1030 2136 1161 2211 poetae‘

139 2228 306 2287 testimonio
319 2231 497 2302 compertum
516 2227 672 2305 hahemus,
690 2229 851 2288 Sermones
869 2227 994 2301 primum
1012 2229 1135 2303 scriptos

140 2319 170 2374 et
188 2319 283 2376 editos
303 2335 377 2382 esse.
415 2319 576 2377 Nemeum
595 2317 673 2378 dicat
691 2319 723 2375 in
741 2319 799 2376 Sat.
821 2320 848 2394 1,
869 2320 895 2376 4.
915 2320 952 2378 39
965 2336 1024 2394 sq.:

286 2411 414 2468 Primum
445 2425 499 2483 ego
530 2427 577 2466 me
608 2411 737 2486 illorum,
770 2402 901 2468 dederim
931 2411 1040 2486 quibus
1069 2427 1135 2472 csse

483 2545 485 2551 s
534 2502 647 2578 poetis,

165 2629 172 2650 2
286 2593 451 2665 Excerpam
468 2605 604 2650 numero:
623 2607 718 2665 neque
737 2588 815 2647 enim
827 2575 999 2646 concludere
1017 2602 1135 2646 uersum
1224 2650 1230 2662 X

286 2662 405 2736 Dixeris
426 2698 492 2738 esse
513 2683 601 2758 satis,
620 2699 716 2756 neque
735 2683 762 2738 si
779 2683 849 2756 quis
865 2681 994 2758 emeat,
1014 2683 1060 2741 uti
1077 2671 1135 2740 noc

286 2771 426 2828 Serenum
440 2775 603 2847 propiora,
620 2771 810 2854 potestante
828 2787 896 2830 cose
911 2777 1042 2844 poetam.

287 2859 440 2932 Ingenium
460 2861 507 2918 cui
526 2860 580 2937 sit,
601 2861 648 2916 cui
666 2875 748 2918 mens
767 2859 892 2917 divinior
909 2863 998 2933 atque
1017 2876 1051 2917 os

284 2951 393 3022 Magna
412 2954 597 3029 sanaturum,
618 2951 669 3010 des
687 2950 918 3024 nominishujus
938 2951 1085 3012 honorem.

136 3044 166 3098 et
184 3041 242 3099 Sat.
264 3041 297 3119 1,
318 3043 363 3099 10.
384 3043 446 3102 ce:
533 3101 537 3110 ,
696 3087 701 3090 .
797 3020 809 3099 fi>

283 3135 351 3192 Hoc
369 3141 444 3211 erat,
464 3139 588 3210 experto
605 3135 712 3192 frustra
730 3135 859 3192 Varrone
878 3133 1002 3193 Atacino

230 3245 232 3250 ’
283 3225 381 3297 Atque
389 3225 562 3296 quibusdam
572 3226 646 3302 aliis,
657 3225 855 3302 meliusqood
862 3226 1130 3302 contactionem,

175 3313 179 3329 '
271 3314 438 3371 ‘inventore
457 3317 578 3392 minen,

135 3422 202 3463 eum
225 3405 410 3462 manifestum
435 3408 480 3462 est
506 3405 574 3462 solis
600 3404 780 3462 sermonibus
806 3404 920 3478 scriptis
940 3407 970 3462 et
988 3403 1130 3478 evulgatis

135 3498 197 3554 tum
208 3513 273 3555 oum
284 3497 356 3554 haec
370 3495 510 3554 scriberet
521 3495 693 3573 innotuisse,
712 3498 870 3568 nequeant
881 3495 1007 3574 iambos,
1028 3496 1129 3554 etiam·

135 3587 162 3644 si
179 3589 253 3645 torte
268 3587 331 3658 jam
349 3588 552 3664 composuerit,
571 3587 680 3662 publici
696 3585 772 3658 juris
784 3587 888 3645 fecisse
907 3590 958 3650 aut
976 3587 1128 3662 scripsisse

133 3677 226 3750 lyrica
250 3679 377 3735 carmina
401 3674 460 3759 (es.
484 3678 601 3737 Kirchn.
627 3680 738 3754 quaest.
763 3694 792 3752 p.
818 3679 846 3736 5.
870 3675 899 3756 §-
926 3672 1004 3761 lt).
1043 3677 1128 3744 Quod

136 3767 376 3840 quemadmodum
393 3786 430 3826 ea
446 3766 566 3843 insuper
584 3786 616 3827 re
635 3768 853 3846 comprobatur,
879 3769 957 3844 quod
973 3767 1127 3829 Horatium

136 3856 262 3930 primum
285 3861 507 3921 contumeliosos
530 3877 632 3920 versus
656 3861 761 3920 fecisse
786 3859 908 3921 scimusz
937 3859 980 3920 ita
1003 3857 1126 3918 ulterius
1206 3899 1209 3905 .
