2782 4558
516 278 954 346 1-a1e-*1

196 471 198 474 ·
236 443 352 506 urbium
376 446 407 501 et
431 441 615 501 melodorum
638 443 904 519 oppumrationibus
924 443 1012 520 (Hor.
1029 447 1076 506 orl
1096 449 1147 528 14,
1169 451 1232 510 11.=

237 541 269 595 ct
286 553 374 598 aroer
391 534 518 610 Alpium
535 537 690 608 impositus
713 533 876 598 aramme
899 535 1016 609 Dejecit
1040 533 1148 620 acen),
1174 558 1232 600 nec

235 637 299 687 uon
313 629 424 686 directa
442 641 558 700 quoquc
582 625 646 686 acie
664 625 791 686 feliciter
806 627 918 706 suncti,¹
934 632 1038 701 gentes
1054 631 1126 688 locis
1144 633 1229 690 tutis-

236 722 334 798 simas,
354 718 435 778 aditu
454 717 646 796 difficillimas,
663 733 785 778 numeru
799 721 976 802 frequentes,
995 709 1110 780 scritate
1122 725 1229 802 nucea,

235 813 343 886 maj0re
361 825 428 869 cum
446 809 575 884 periculo
592 804 693 884 'quam
717 810 822 870 damno
845 810 971 870 &mani
985 813 1141 870 sexcrcitus
1165 809 1264 894 (od,
1334 867 1337 872 .

237 905 289 980 14,
308 901 369 961 322
400 900 509 960 suavis?
532 901 651 958 launum
668 905 736 962 sine
753 906 842 963 elude
858 903 994 981 ricton),
1020 905 1145 979 plurimo
1164 921 1230 964 cnm

228 1009 335 1054 earum
354 982 496 1066 acumine
513 985 578 1073 (od.
593 993 716 1070 14‚17.:
734 991 914 1070 Spectandus
928 995 968 1052 in
983 996 1140 1054 censuitne
1151 997 1231 1056 Mar·

235 1087 288 1164 tio,
305 1088 425 1146 neuma
441 1084 529 1142 moni
545 1091 669 1158 pmuro
680 1083 792 1144 liberae
809 1085 938 1156 Quoatm
952 1083 1099 1162 rudperte
1114 1085 1231 1166 made)

234 1176 488 1254 perdomuerunt.''
525 1175 623 1234 Minus
642 1179 740 1234 tamen
761 1177 925 1236 audiendus
939 1179 1067 1256 Florum,
1093 1179 1143 1252 qui
1161 1179 1227 1236 libr.

234 1270 283 1329 lv.
303 1285 366 1343 cap.
387 1268 433 1325 12.
453 1265 483 1344 ᾗ.
503 1267 529 1324 t.
548 1283 649 1326 omnes
667 1269 745 1328 illius
771 1269 900 1338 cardinis
921 1269 1059 1345 populos,
1084 1249 1227 1347 Breun0s{

233 1363 362 1420 Senones
381 1345 470 1432 atquo
487 1358 653 1416 Vindelicos
671 1375 725 1432 per
744 1357 895 1418 Claudium
904 1362 1032 1419 Drusum
1050 1360 1142 1418 solum
1160 1377 1228 1436 per-

131 1474 134 1479 ·
215 1453 353 1528 ,pacatos
372 1465 438 1508 esse
457 1449 573 1526 scribit,
592 1449 699 1522 injuria
717 1453 847 1526 proiecto
871 1447 1019 1512 'liberium
1043 1457 1149 1526 operae
1167 1451 1226 1508 isin
1286 1441 1288 1446 ’

233 1545 265 1601 in
289 1542 367 1600 bello
390 1541 547 1615 praestitae
572 1541 664 1611 gloria
687 1543 845 1600 nandans·
870 1543 1002 1602 Breviter
1019 1559 1068 1601 res
1086 1545 1164 1600 tacta
1183 1546 1229 1600 est

234 1635 266 1692 in
289 1632 353 1692 Liv.
379 1632 450 1707 epit.
477 1632 541 1690 136.
566 1632 668 1704 Vellej.
692 1633 949 1710 2,122.suctou.
967 1635 1045 1708 Aug.
1062 1635 1107 1692 21.
1119 1623 1226 1692 'libem

234 1726 262 1783 9.
282 1723 385 1784 Claud.
405 1724 431 1781 1.
449 1723 570 1798 Eutrop.
588 1724 619 1800 i,
638 1724 665 1781 5.
685 1757 724 1770 -

307 1813 336 1873 2.
374 1814 572 1890 Scriptoribus
600 1818 762 1876 accuratior
793 1818 881 1878 etiam
915 1822 961 1876 est
991 1817 1145 1894 Horatius,
1176 1816 1227 1890 qui

231 1907 322 1966 Drusi
341 1910 372 1964 et
389 1906 501 1965 'libeni
518 1921 567 1964 res
586 1910 683 1979 gestas
695 1908 881 1967 celebrandas
894 1909 952 1967 sibi
963 1909 1086 1986 sumpsit
1097 1909 1128 1968 in
1139 1925 1228 1969 curm.

233 2000 263 2058 4.
281 2002 311 2057 et
330 1999 375 2056 14.
413 1999 499 2056 Heme
517 1998 622 2074 igitur,
647 2013 705 2072 quo
728 2004 779 2056 vix
803 2001 957 2058 certiorem
981 2004 1087 2058 testem
1111 1998 1225 2074 afferas,

232 2090 259 2148 si
276 2090 427 2167 audimus,
446 2090 583 2149 continuo
601 2091 755 2164 patescunt
772 2091 859 2148 haec:

307 2175 342 2261 a)
359 2183 499 2256 Darem,
524 2181 575 2253 qui
598 2179 724 2253 primum
742 2181 820 2238 solus
840 2184 942 2240 contra
959 2184 1060 2253 gentes
1079 2180 1224 2256 inalpinas

114 2341 119 2358 .
231 2269 339 2332 missus
358 2273 422 2330 erat
439 2264 485 2352 (r.
503 2263 594 2351 Dio),
613 2269 668 2329 hac
686 2270 718 2326 in
731 2270 917 2345 expedicione
932 2273 1099 2331 Vindelicos
1111 2271 1224 2328 tautum

233 2379 387 2438 aggressam
406 2365 452 2420 cst
470 2364 501 2420 ct
518 2361 589 2419 vicit
607 2361 727 2435 proelio.
765 2363 897 2436 Apparet
915 2363 971 2422 hoo
989 2366 1052 2420 tum
1070 2379 1109 2420 ex
1127 2363 1175 2422 od.
1195 2363 1222 2430 4.

231 2471 275 2513 vs.
288 2455 322 2512 li
343 2471 404 2529 sq„
423 2471 495 2529 quos
505 2457 572 2529 post
589 2454 634 2510 tot
652 2455 806 2528 tantasque
824 2454 1016 2530 interpretum
1029 2453 1226 2520 dubitationes

230 2561 309 2605 nunc
333 2545 451 2620 quidem
475 2545 570 2617 ejecto
592 2545 705 2618 inepto,
718 2545 767 2602 illo
786 2545 975 2624 glossemate,
1000 2546 1079 2620 quod
1097 2547 1143 2604 est
1161 2562 1179 2602 a
1196 2562 1224 2603 v.

232 2639 388 2708 18-22.,
407 2653 474 2695 cum
491 2637 569 2694 Petr.
588 2636 724 2710 Boseude
742 2629 795 2712 (in
819 2636 955 2696 uindiciis
980 2637 1147 2696 Horatianis
1171 2635 1223 2692 ad-

138 2725 142 2732 '
207 2735 333 2787 'uersus
364 2743 505 2804 nuperum
538 2742 690 2786 censuram
717 2743 736 2784 a
761 2728 858 2786 Hodu.
890 2729 1071 2803 Peerlkamp.
1108 2728 1222 2785 editam.

227 2819 410 2879 'Darentrioc
434 2818 517 2878 1836.
541 2835 570 2893 p.
597 2812 686 2899 129.)
715 2819 758 2877 sic
781 2819 921 2894 legendos
946 2823 977 2878 et
1004 2819 1222 2892 distinguendos

170 2943 173 2946 -
230 2927 295 2988 esse
313 2925 434 2970 censeor

376 3001 483 3060 Videre
502 3002 602 3061 Raetis
620 2999 698 3061 bella
716 3001 770 3060 sub
789 3001 912 3076 Alpibus

377 3093 515 3150 Drinum
533 3093 682 3164 gerentem
704 3093 864 3179 Vindelici,
884 3093 935 3150 diu

425 3179 556 3256 Latequc
575 3183 710 3241 victrices
728 3187 862 3242 catervae

462 3275 598 3334 Consiliis
612 3274 731 3347 juvenis
748 3275 886 3334 revictae.

375 3366 514 3444 Sensers,
533 3365 605 3441 quid
623 3383 705 3424 mens
724 3367 782 3425 rite
801 3371 893 3445 caet,
1010 3397 1030 3424 x
1104 3387 1108 3394 ¹

229 3455 290 3512 tum
308 3455 413 3514 clarius
432 3458 577 3516 etiamen
603 3457 650 3516 cd.
671 3459 717 3516 14.
736 3476 780 3516 vs.
799 3459 874 3532 isq.
894 3459 1018 3518 maxime
1040 3457 1218 3532 principum:

425 3549 520 3614 Quem
537 3549 611 3621 legis
630 3553 766 3624 expertes
784 3549 907 3608 Latinae

464 3639 610 3698 Vindelici
627 3640 756 3698 didicere
775 3657 884 3718 nuper,

375 3727 453 3796 Quid
471 3729 566 3788 Marte
584 3742 695 3804 posses.
733 3733 828 3790 Milite
845 3747 920 3792 uum
939 3737 989 3792 tuo
1101 3761 1104 3778 .

373 3819 497 3880 Duum
516 3819 698 3900 Genaunes,
716 3825 893 3898 inplacidum
912 3839 1019 3903 genus,
1066 3889 1069 3904 Ι
