2782 4558
644 291 858 362 ..πμ

255 460 335 536 quod
353 461 436 532 cogat
454 461 487 516 ut
505 459 542 515 dc
560 459 636 516 Jano
654 457 751 517 4141144
770 460 888 530 cogites.
919 459 998 526 unm
1014 459 1184 519 incredibile
1199 466 1261 521 cst*

254 555 382 612 Drusum
400 554 430 608 et
448 550 596 608 Tiberium
614 551 796 625 potissimum
814 550 871 608 dici
890 551 1019 624 potuisse
1044 554 1149 610 Janum
1168 555 1244 612 41411·

256 643 340 702 41444.
379 639 487 709 Quidni
506 642 584 699 41111
603 642 726 716 scriptor
749 641 781 700 id
799 643 846 699 vcl
870 632 929 715 ipsi
952 643 1084 713 Augusto
1109 644 1156 718 ycl
1180 644 1243 716 ejus

255 733 392 808 auspiciis
417 729 583 815 tribuci-ut
615 719 712 808 Atque
736 733 800 808 ipse
818 733 973 790 Massurius
1000 734 1075 791 hanc
1093 748 1243 806 argumen-

254 825 395 883 tationem
418 835 478 881 non
506 827 551 880 sat
574 823 685 881 firmam
709 839 774 882 esso
800 825 898 882 sensit.
936 825 1010 884 Nam
1029 825 1108 882 aliud
1124 825 1243 900 insuper

253 915 366 974 addidit
384 919 591 988 argumentum
630 916 709 974 Audi
727 916 826 973 motlol
845 916 959 974 lloratii
977 917 1063 974 odam
1079 916 1128 974 1v.
1150 915 1196 974 15.
1212 918 1244 972 44

131 1015 135 1020 ’
161 1031 166 1037 ·
254 1005 339 1080 epist.
364 1003 401 1064 ll.
427 1008 453 1064 1.
479 1007 521 1063 all
545 1021 570 1064 a
597 1007 1111 1088 744441111141111444-14144411
1134 1009 1241 1066 eleum

254 1088 377 1172 scriptas
403 1113 476 1156 4444.
520 1096 598 1170 Ergo
622 1099 1018 1157 1411114744441414111
1042 1115 1115 1156 4444.
1162 1097 1244 1156 Bella

252 1189 413 1247 conclusio!
433 1190 641 1247 Gravissimum
659 1205 791 1248 caussam
809 1207 827 1247 a
846 1185 959 1247 duobus
976 1190 1091 1248 Horatii
1109 1187 1259 1244 carmini·

252 1275 308 1337 bus
327 1279 425 1357 petiit,‘
442 1295 564 1354 quorum
582 1281 723 1356 temporis
740 1281 848 1341 indicia
866 1295 974 1337 annum
997 1281 1061 1337 741.
1080 1292 1139 1335 non
1158 1293 1242 1335 excu-

252 1369 322 1427 dere
340 1371 404 1444 ipso
423 1371 571 1452 consessus
585 1375 629 1429 est
647 1372 666 1430 l.
686 1374 705 1430 l.
725 1389 754 1447 p.
773 1369 837 1430 212.
869 1373 1028 1440 Quiclrcro
1046 1364 1242 1442 interpretest

251 1459 297 1518 Nc
315 1459 391 1518 ride!
411 1463 511 1520 Sccuri
529 1463 579 1526 lsti
591 1464 623 1520 44
633 1465 818 1521 conniventes
832 1477 857 1522 4.
874 1464 902 1540 4,
920 1463 964 1520 lm
991 1475 1069 1518 anuo
1085 1460 1150 1516 744.
1175 1473 1242 1534 pro·

250 1553 353 1625 pterea
370 1549 591 1614 adscribendum
610 1569 675 1615 4444
693 1557 850 1633 offirmari,
870 1554 947 1630 quod
966 1569 1001 1611 eo
1018 1555 1109 1612 14114
1128 1551 1242 1608 clausus

252 1642 291 1698 sit
309 1656 347 1682 2-
364 1651 400 1702 144
416 1645 582 1705 Massurius
602 1649 786 1721 probaverit.
822 1645 885 1705 lloc
910 1647 1013 1720 opinor
1031 1647 1077 1701 444
1093 1640 1243 1717 probanda

250 1747 304 1806 pro
322 1734 451 1806 probatis
471 1751 595 1816 sumere,
614 1733 663 1796 vel
673 1779 681 1816 ,
700 1742 734 1796 ut
751 1739 801 1798 illo
819 1739 871 1816 ait,
890 1735 1075 1796 festinantius
1100 1747 1186 1805 agore
1211 1734 1243 1789 44

249 1821 389 1882 ludificari
407 1827 553 1888 lectorem.
604 1875 607 1882 .

324 2007 382 2068 lix
400 2007 532 2070 docuerit
544 2010 706 2092 quisquam,
727 2011 843 2088 4141114
854 2015 946 2071 Janus
958 2011 1077 2069 tertium
1092 2009 1242 2066 obseratus

250 2095 297 2153 sit.
335 2098 473 2160 Macroni
490 2107 589 2162 tamen
607 2105 720 2163 ratione
745 2107 837 2164 multo
855 2103 1033 2178 probabilior
1057 2100 1103 2153 cst
1120 2095 1243 2171 Naristi,

166 2188 168 2195 '
250 2183 349 2262 quiin
369 2174 527 2266 Genolaph.
547 2193 642 2252 Pisan.
663 2197 777 2251 dissert.
804 2195 839 2250 ll.
861 2206 922 2264 cap.
951 2184 994 2245 10.
1014 2201 1042 2261 p.
1067 2187 1132 2244 316.
1158 2182 1242 2266 (opp.

249 2277 306 2336 vol.
326 2277 377 2338 111.
390 2283 521 2342 Veronae
536 2281 636 2365 1729.)
655 2282 686 2340 id
702 2283 928 2341 4744744411
940 2277 1148 2349 444444114414.
1167 2279 1243 2336 'lum

250 2371 328 2428 enim
345 2387 405 2446 pax
422 2376 500 2432 terra
518 2373 648 2448 marique
666 2377 750 2449 parta
769 2373 840 2430 4144.
874 2373 936 2430 Nec
954 2371 1070 2446 mirum,
1089 2369 1167 2442 quod
1184 2369 1243 2427 Dio

253 2461 334 2521 Cass.
354 2465 455 2542 4441114,
476 2481 542 2524 cum
560 2470 629 2540 post
646 2465 715 2524 libri
733 2465 779 2522 55.
800 2477 862 2538 cap.
882 2464 910 2520 9.
930 2460 1222 2533 migrantum
1262 2457 1275 2479 ³

324 2647 351 2704 4.
371 2646 526 2704 Lactemur
542 2651 651 2725 tamen,
671 2647 748 2722 quod
773 2645 811 2703 acl
830 2646 967 2704 carminis
994 2645 1039 2703 15.
1059 2645 1173 2716 tempus
1191 2655 1243 2698 na·

181 2775 183 2778 -
250 2737 309 2794 talo
329 2737 523 2795 deliniendum
541 2753 584 2796 ne
598 2755 672 2813 opus
692 2737 810 2814 quidem
828 2741 874 2794 est
891 2751 996 2813 nosse,
1013 2733 1132 2810 quando
1150 2735 1251 2791 Janus‘
1272 2787 1279 2794 ,

250 2829 368 2885 tertium
386 2827 500 2887 clausus
520 2829 566 2887 414.
604 2827 746 2905 Respexit
765 2828 843 2886 enlm
861 2828 1015 2903 Horatius,
1036 2828 1068 2882 14
1082 2825 1144 2896 jam
1169 2817 1263 2899 dixi,⁸

249 2923 342 2976 lotum
353 2917 484 2994 Aupurti
502 2929 638 2980 4441144414.
668 2916 749 3002 (Lir.
771 2921 798 2998 1,
819 2921 864 2978 19.
886 2921 1012 2996 „iterum
1024 2917 1102 2990 quod
1119 2922 1242 2973 nucem

161 3069 164 3084 ,
252 3015 345 3067 1144441·
366 3008 418 3067 Dii
443 3011 599 3090 dederunt,
619 3013 653 3068 ut
679 3011 844 3069 rideremus
869 3012 937 3084 post
960 3010 1066 3066 bellum
1090 3007 1259 3072 Actiacum*

251 3097 288 3155 ab
306 3100 482 3174 imperatore
506 3101 630 3160 Caesare
648 3104 781 3174 Augusto
805 3117 878 3177 poco
895 3103 973 3157 terra
991 3099 1120 3173 marique
1139 3095 1242 3170 perta?

249 3219 290 3234 -
306 3189 398 3249 Janus
417 3190 557 3275 clausus.)
576 3193 673 3269 Atque
692 3194 717 3250 si
730 3195 827 3252 omnia
840 3192 1066 3267 complectimur,
1084 3187 1242 3246 1411411114

231 3307 233 3311 v
250 3281 284 3338 nt
301 3297 417 3341 carmen
429 3285 556 3342 onmium
568 3289 729 3344 extremum
739 3301 805 3342 4444
825 3285 1020 3358 scriptumque
1033 3284 1099 3358 post
1117 3279 1242 3337 reditum

251 3371 376 3445 Augusti
394 3393 420 3434 1.
440 3393 468 3434 u.
489 3394 512 3435 e.
532 3377 596 3436 741.
615 3377 737 3444 -1444
755 3377 847 3449 magis
865 3377 913 3433 liis
932 3375 1033 3433 eredas
1051 3373 1168 3430 afferam
1186 3368 1240 3424 unc

201 3487 203 3492 ·
251 3459 470 3539 inscriptionem
487 3465 593 3544 lapidis
611 3464 758 3526 Emeritao
777 3466 809 3524 11
820 3465 962 3542 lsrspania
979 3461 1098 3538 reperti,
1117 3473 1191 3532 quac
1208 3459 1241 3515 44

251 3551 317 3626 ipsa
334 3555 384 3614 illo
403 3557 518 3618 41141441
534 3549 664 3634 tempore
683 3559 814 3618 conlecta
837 3562 883 3615 444
907 3559 937 3612 44
960 3554 1027 3630 iani
1051 3551 1144 3625 clausi
1161 3561 1241 3608 1141-

253 3641 364 3704 tionem
376 3647 505 3728 continet
522 3645 574 3730 (cl.
588 3651 704 3710 Gruter.
717 3648 805 3708 11441.
818 3663 847 3724 p.
862 3645 1005 3726 uxum,
1022 3644 1120 3707 Neris.
1137 3641 1191 3702 11.
1208 3653 1239 3718 p.

253 3735 319 3796 ull.
339 3739 370 3796 et
387 3737 516 3799 1144411.
534 3737 602 3800 iani
620 3741 719 3817 templ.
736 3757 795 3800 144.
807 3753 844 3814 p.
865 3731 962 3818 1050:
