2758 4544
531 241 760 308 ..45-

161 403 246 462 disse
265 404 455 482 intelligeret,
481 421 580 462 carum
605 406 747 464 demortui
773 412 859 481 caput
884 415 961 466 novo
979 411 1075 486 aliquo
1094 429 1154 471 ear·
1244 443 1247 462 ·

159 495 244 552 mine
264 491 437 553 deflevisset
481 497 594 553 Eumne
619 499 737 554 tandem
761 499 910 571 probabile
936 505 981 558 est
1005 501 1081 559 bona
1105 497 1155 562 illa

157 592 251 662 vota,
270 603 345 661 quae
364 587 478 643 animae
497 604 567 644 suae
579 587 700 646 dimidio
711 592 883 663 apprecatus
902 595 980 668 erat,
998 597 1070 671 tum,
1090 611 1155 652 cum

148 679 258 735 vedidit
276 677 421 755 libellum,
440 679 542 736 mortis
561 679 674 752 Virgilii
694 679 756 750 jam
774 695 894 750 gnarum
913 681 997 739 siccis
1015 681 1105 742 oeulis
1124 689 1155 742 et

110 803 112 814 »
156 768 328 828 incredibili
347 769 433 842 plane
452 769 587 828 vecordia
605 764 779 846 repetiisset
815 771 878 828 Nae
896 770 951 830 hoo
969 772 1011 830 ita
1026 775 1064 833 ab
1076 778 1155 834 omni

156 858 417 934 verisimilitudine
436 861 587 938 abhorret,
608 865 641 918 ut
658 860 705 918 vel
723 861 791 918 inde
811 861 972 940 intelligas,
990 880 1076 939 quam
1088 884 1153 942 per·
1231 925 1234 938 ,

155 969 248 1010 verse
268 951 340 1008 illud
359 967 475 1008 cannen
493 953 580 1026 paulo
600 955 667 1009 aute
686 952 818 1008 ultimum
836 952 987 1011 Mantuani
1005 957 1080 1014 vatis
1097 959 1154 1016 iter

156 1043 187 1100 h.
212 1059 240 1102 e.
259 1059 337 1100 anno
356 1043 419 1100 734.
445 1046 496 1100 ant
520 1043 605 1100 initio
629 1043 755 1117 proximi
773 1047 923 1102 exaratum
944 1063 1008 1103 esse
1027 1051 1152 1120 putetur.

156 1135 319 1192 Praeterea
337 1133 395 1192 alia
420 1137 488 1192 sunt
505 1134 664 1211 permulta,
689 1151 764 1216 quae
783 1134 943 1209 opinationi
961 1136 1011 1192 isti
1029 1139 1155 1210 graviter
1189 1165 1195 1184 ·

157 1225 362 1284 adversantur.
406 1227 507 1300 anue
531 1227 686 1300 propterea
709 1241 783 1300 opus
808 1228 854 1283 est
878 1225 975 1284 statim
994 1227 1041 1286 bic
1059 1229 1154 1304 perlu-

157 1322 272 1394 strare,
298 1317 376 1392 quod
400 1318 438 1376 ob
463 1317 525 1382 hoc,
543 1319 639 1394 ipsum
663 1316 784 1374 odarion
802 1316 961 1374 carminum
978 1317 1067 1376 libros
1085 1323 1155 1377 ante

156 1425 185 1466 a.
206 1409 273 1466 735.
293 1409 324 1466 in
342 1410 490 1484 publicum
508 1409 624 1484 prodire
637 1409 767 1483 potuisse
778 1411 895 1480 negant
931 1409 971 1468 Et
981 1423 1154 1484 quamquam

157 1516 226 1558 mea
246 1517 293 1558 me
313 1501 510 1574 disputatione
527 1517 587 1558 non
606 1499 671 1573 plus
692 1500 861 1557 effecturum
879 1515 944 1556 esse
958 1503 1042 1559 oerto
1059 1517 1155 1576 paene

158 1591 242 1668 seio,
266 1605 356 1665 qnam
381 1607 434 1648 sua
463 1590 729 1660 vanderburgiumz
753 1593 867 1665 tamen,
897 1589 1033 1663 quoniam
1067 1607 1154 1665 quam

157 1685 273 1740 certam
296 1681 405 1739 habent
428 1681 603 1754 interpretes
622 1679 769 1750 vulgarem
781 1681 920 1753 temporis
933 1680 1155 1755 descriptionem

155 1772 249 1844 hujus
262 1771 397 1830 carminis
409 1768 452 1852 ¹⁸)
471 1775 532 1828 tam
550 1785 605 1842 ego
616 1768 739 1828 eandem
753 1769 853 1842 J'ndico
864 1785 982 1844 pravam
994 1773 1025 1828 et
1042 1771 1154 1848 falsam,

157 1879 307 1937 exponam
327 1861 440 1934 singula
458 1862 596 1936 deinceps
615 1863 793 1932 argumenta.

236 1956 281 2013 Ao
305 1953 430 2029 primum
454 1953 573 2027 quidem
590 1983 629 1998 -
650 1954 683 2009 ut
708 1951 746 2010 ad
763 1950 931 2028 Virgilium„
947 1959 1069 2025 poetam
1086 1955 1155 2029 epl-

157 2063 248 2122 eum,
274 2061 390 2104 carmen
414 2045 516 2102 datum
539 2061 604 2100 esse
630 2043 801 2119 concedam,
827 2043 882 2100 etsi
906 2059 943 2099 ne
963 2042 1017 2102 boc
1036 2044 1154 2118 quidem

159 2137 272 2196 certum
292 2139 338 2193 est
349 2168 387 2182 -
398 2135 430 2194 in
448 2137 583 2212 promptu
603 2138 649 2192 est
666 2134 782 2211 videre,
801 2149 855 2208 pm
867 2133 989 2208 probato
1007 2139 1153 2212 sumptum

160 2245 227 2292 esse
246 2229 284 2286 ab
302 2227 526 2304 interpretibus,
546 2225 624 2301 quod
642 2241 680 2282 ne
699 2241 737 2282 ex
755 2225 813 2283 ullo
825 2224 943 2300 quidem
959 2226 1087 2299 vestigio.
1101 2241 1153 2302 ap·

160 2325 260 2397 paret,
284 2318 357 2378 illud
382 2320 439 2376 iter
460 2317 583 2394 respici,
608 2316 686 2391 quod
709 2317 793 2373 Maro
817 2333 843 2373 a.
862 2317 927 2373 735.
951 2315 984 2373 in
1002 2318 1154 2376 Graeciam

140 2447 144 2466 r
161 2411 299 2486 suscepit.
338 2410 424 2477 Quod
441 2411 505 2464 tum
523 2423 656 2479 magnam
680 2405 892 2480 probabilitatis
918 2409 1045 2482 speciem
1064 2409 1152 2467 babe-

159 2505 223 2578 ret,
255 2501 281 2558 si
306 2501 365 2558 ullo
389 2514 516 2572 unquam
540 2498 597 2555 alio
621 2500 751 2570 tempto
777 2493 846 2553 eum
866 2497 899 2554 in
923 2498 1076 2554 Graeciam
1105 2500 1153 2556 vel

161 2592 290 2649 Atticam
307 2607 367 2648 non
385 2589 479 2646 solum
496 2590 657 2664 proiectum
682 2603 747 2644 esse
766 2586 819 2644 sed
838 2587 925 2644 etiam
943 2585 1083 2660 proficisci
1102 2603 1153 2644 vo-

161 2682 253 2742 luisse
272 2683 352 2738 certo
370 2695 477 2751 negare
496 2694 655 2753 possemus.
694 2663 856 2745 Quodam
868 2676 907 2734 ob
922 2679 1154 2750 argumentorum

163 2775 309 2832 deiectum
327 2770 388 2830 lieri
407 2773 548 2846 nequeat,
572 2785 627 2827 nec
645 2785 699 2842 per
717 2785 749 2824 se
769 2771 992 2825 consentaneum
1012 2767 1050 2824 sit
1068 2771 1099 2824 et
1117 2785 1154 2827 eo

163 2865 326 2941 refellatur,
355 2861 433 2938 quod
456 2860 594 2932 Virgilius
618 2851 781 2930 Augustum
805 2860 906 2916 contra
929 2857 1087 2914 Antonium
1115 2859 1154 2916 ad

164 2956 284 3014 Actiaca
302 2954 379 3012 bella
397 2955 600 3028 properantem
619 2952 770 3010 secuturus
789 2951 866 3026 erat,
891 2952 924 3006 ut
942 2947 984 3006 ait
1001 2947 1105 3023 aliquis
1122 2949 1154 3006 in

165 3047 293 3104 Servian.
318 3044 408 3104 schol.
433 3045 471 3102 ed
490 3043 542 3100 ecl.
562 3043 596 3118 3,
616 3042 677 3099 lt:
703 3039 839 3098 continuo
862 3043 983 3114 apparet
1007 3039 1154 3112 vulgarem
1223 3105 1226 3123 ι

165 3140 250 3194 istam
274 3135 440 3212 opinionem
464 3151 517 3208 pro
541 3149 610 3190 vera
635 3134 665 3188 et
694 3133 773 3188 certa
803 3130 998 3189 fraudulenter
1021 3129 1152 3188 vendita·

165 3233 224 3287 tam
242 3245 316 3286 esse.
1224 3261 1231 3272 .

238 3318 353 3378 Deinde
378 3334 446 3375 vero
477 3332 551 3390 quae
576 3312 612 3370 de
637 3312 742 3368 itinere
767 3329 793 3370 a.
819 3313 882 3368 735.
903 3309 1059 3382 aVrrgilio
1077 3311 1153 3366 lacto

68 3474 74 3484 ,
165 3413 312 3486 comperta
330 3409 488 3483 habemus,
513 3422 549 3463 ea
573 3419 610 3460 ne
629 3403 804 3460 conveniunt
824 3401 940 3479 quidem
957 3401 1033 3458 bene
1052 3398 1153 3457 carmi·

231 3641 278 3706 re)
294 3643 354 3692 Post
369 3641 475 3692 limma.
492 3639 534 3690 rit.
546 3654 571 3704 p·
582 3639 631 3690 ³⁰9
643 3653 678 3702 sq.
695 3652 776 3688 amnes
787 3640 884 3702 meter
899 3635 1031 3698 Bentlejum
1049 3637 1074 3683 et
1085 3631 1154 3683 Vau-

167 3708 319 3770 derburginm
332 3709 488 3772 interpretem
505 3711 556 3756 tum
572 3705 697 3756 Kircbucr.
714 3708 807 3768 quaest.
824 3719 847 3770 p.
859 3703 921 3768 Μ.
938 3702 979 3754 18.
992 3716 1016 3766 p.
1029 3701 1053 3751 9.
1070 3697 1095 3763 S·
1112 3699 1155 3748 to:

164 3789 189 3837 p.
207 3776 248 3824 8⁰.
264 3773 290 3838 §.
308 3773 350 3825 ³⁷.
366 3777 391 3825 et
407 3772 555 3825 Groteleud:
566 3788 590 3838 p.
607 3772 664 3826 ill.
681 3785 704 3820 a.
938 3849 955 3904 ⁵
