2758 4544
19 333 22 420 l

153 465 196 522 19.
215 458 261 519 66.
275 460 371 521 Tiber.
385 459 412 517 8.
433 461 533 518 Senon.
553 459 591 516 de
603 461 685 518 clem.
704 461 732 517 9.
752 458 810 518 Diu
829 459 908 531 uass,
928 458 975 535 54,
994 452 1057 540 u),
1076 473 1139 516 ear·

150 555 258 632 minum
270 553 354 611 libris
363 551 418 610 hoe
438 549 607 628 addidisset.
645 551 691 608 Ita
703 550 847 607 euimuou
865 551 957 606 solum
974 549 1139 608 Maecenati

150 657 211 703 rem
229 645 360 703 odiosam
378 643 410 700 in
428 642 789 716 memoriamreuocasset,
809 640 861 697 sed
873 642 1035 712 Augustum
1050 642 1140 700 etiarn

148 733 334 811 offendisset,
354 736 404 808 qui
423 736 453 791 et
471 733 617 808 homiuem
635 733 692 790 sibi
703 733 829 790 invisum
847 732 1015 790 ablioratio
1032 733 1140 790 cultum

149 829 290 884 inissent
313 835 381 884 suus
405 825 507 882 laudes
528 823 613 896 juxta
636 823 714 882 illius
738 825 850 898 positas
874 839 933 880 uon
957 826 1057 896 posset
1080 840 1139 881 nou

149 933 213 976 cum
252 916 451 988 indignatione
489 915 728 973 animadvertere.
760 913 762 929 '
787 914 865 982 Quid
893 910 992 972 euimt
1036 914 1140 972 Nonne

148 1008 286 1080 Virgilius
304 1003 445 1084 persimili
469 1007 502 1065 iu
526 1022 629 1066 caussa
653 1009 777 1080 operosa
798 1021 867 1063 saue
887 1005 1037 1078 diligentia
1053 1016 1140 1080 quau

148 1103 210 1156 turn
230 1101 393 1171 Georgicon
411 1100 531 1176 librum,
552 1100 603 1175 qui
622 1113 661 1176 „a
679 1099 775 1156 medio
793 1097 942 1172 usquead
959 1098 1046 1154 linem
1065 1097 1140 1154 Galli

147 1191 248 1262 laudes
273 1192 474 1268 continebat,''
499 1190 622 1262 jubente
646 1192 783 1262 Augusto
806 1189 839 1246 iu
863 1189 990 1246 Aristaei
1014 1187 1140 1245 fabulam

149 1285 335 1340 commutavit
354 1275 482 1361 (Donat
503 1283 554 1339 vit
575 1271 653 1354 Virg'.
675 1299 736 1356 cap.
756 1279 795 1341 X.
816 1277 844 1358 ἕ.
864 1281 909 1338 39.
929 1281 1009 1336 Serv.
1029 1280 1067 1336 ad
1085 1279 1138 1336 sel.
1221 1304 1225 1322 ν

150 1370 288 1454 ro‚1.)s
327 1375 381 1432 Cui
404 1374 565 1432 narrationi
591 1375 647 1432 etsi
671 1389 730 1431 non
753 1371 1140 1448 circumlatrantum

147 1464 310 1536 Augustum
328 1481 446 1539 prorsus
464 1481 524 1523 non
543 1465 645 1522 tulisse
664 1465 795 1540 credam,
820 1479 933 1538 nequeo
952 1465 1050 1520 tumen
1067 1463 1139 1520 milri

146 1555 339 1632 persuadere,
359 1556 513 1612 Horatium
532 1571 585 1628 pro
604 1573 640 1613 ca
664 1571 738 1628 quae
757 1555 948 1628 interipsum
966 1554 1139 1628 etirupera·

146 1647 239 1703 turem
258 1647 462 1703 'intercederet
492 1647 604 1702 ratione
632 1649 694 1700 tarn
721 1645 836 1700 iniecto
865 1643 951 1700 modo
980 1645 1138 1700 Muraenae

140 1737 263 1809 ‚iumjum
273 1737 412 1812 defuncti,
423 1735 470 1792 cui
482 1733 535 1792 οὐκ
547 1731 827 1814 ἐπήρκεσαν-οὗτε
834 1731 850 1790 ὁ
857 1732 1042 1811 uersatam
1053 1728 1139 1791 ‹idel-

144 1825 203 1906 pdg
223 1825 279 1896 dr,
299 1822 367 1883 οὔτε
385 1825 402 1883 d
420 1825 580 1899 Μαικήνας
598 1826 636 1904 τῇ
654 1820 769 1903 ἀδελφῇ
788 1822 879 1881 αὐτοῦ
896 1823 1053 1893 συνοικῶν,
1072 1828 1140 1882 xut—

143 1935 201 1997 usp
219 1912 251 1986 ἒς·
266 1913 304 1974 rd
322 1915 430 1996 πρῶτα
447 1913 505 1974 ὑπὸ
524 1917 578 1974 τοῦ
589 1916 770 1991 Adyoe'utoo
783 1916 945 1990 τιμώμενοι
962 1907 1038 1993 (Dio
1051 1915 1071 1972 l.
1089 1909 1138 1997 l),

145 2011 175 2066 et
197 2009 242 2066 rei
268 2011 315 2066 sat
338 2009 468 2066 infensae
482 2007 726 2082 'intempestivam
755 2006 932 2064 mentionem
955 2006 1077 2084 iecisse,
1106 2007 1140 2065 id

146 2099 223 2174 quod
239 2101 446 2174 suppressione
467 2099 601 2157 carminis
615 2098 743 2156 devitare
755 2097 852 2172 potuit
863 2098 999 2182 facillimo
1010 2099 1137 2170 negotio.

145 2191 269 2270 l'ruindu
288 2191 336 2248 vel
354 2192 408 2250 hae
427 2191 464 2249 de
482 2208 587 2249 caussa
605 2191 662 2248 tria
681 2190 840 2248 carminum
858 2189 1004 2247 volumina
1022 2194 1090 2248 ante
1109 2206 1137 2248 a.

145 2282 209 2339 732.
230 2282 311 2338 edita
330 2282 389 2338 siut
406 2299 527 2342 neeesse
548 2284 600 2340 est.
1003 2297 1005 2304 ’

219 2373 356 2446 Sequitur
373 2373 431 2430 alia
448 2373 622 2430 non'minus
642 2375 747 2445 gravis.
785 2375 980 2449 Marcellum,
997 2375 1138 2432 Octaviae

145 2465 251 2521 sororis
276 2464 402 2534 Augusti
426 2464 516 2520 filium
540 2467 571 2520 et
594 2463 749 2536 conjugem
766 2463 879 2539 Julius,
907 2464 982 2520 filiae
1001 2465 1137 2542 Augusti,

144 2555 288 2623 insignem
312 2555 425 2625 magnis
450 2555 623 2630 virtutibus,
648 2569 703 2611 nec
728 2554 862 2624 Augusto
880 2554 971 2611 solum
997 2555 1050 2611 sed
1079 2556 1138 2628 ipsi

143 2644 235 2721 etiam
262 2643 370 2716 populo
397 2643 527 2700 &mmo
556 2648 684 2722 gratum,
712 2643 855 2701 laudibus»
874 2647 959 2702 ornat
988 2645 1137 2724 Horatius,
1258 2714 1260 2723 Ι

142 2736 260 2805 longam
277 2747 447 2804 magnorum
471 2733 599 2790 suorum
623 2735 728 2792 seriem
747 2737 979 2814 praetervectus,
998 2737 1031 2794 in
1049 2753 1136 2795 carru.

144 2828 177 2903 l,
199 2826 243 2884 12.
264 2826 300 2883 45
319 2841 362 2899 sq.
383 2824 446 2882 his:

294 2918 421 2993 merul,
441 2917 554 2974 occmto
572 2916 652 2973 velut
670 2915 757 2974 arbor
775 2931 864 2993 aevo,
901 2940 907 2954 ..

229 3009 232 3019 '
291 3009 381 3067 Fama
399 3009 545 3066 Marcelli:
563 3009 651 3066 micat
668 3008 746 3066 inter
763 3024 864 3066 omines

292 3101 401 3158 lulium
419 3099 516 3176 sidus,
535 3101 615 3158 velut
632 3101 710 3157 inter
727 3101 810 3172 ignes
864 3125 867 3127 ·

318 3192 321 3199 “
366 3191 450 3248 Luna
464 3191 601 3248 minores.

82 3263 89 3274 ’
144 3281 200 3340 Sed
224 3281 358 3354 egregius
381 3282 431 3338 ills
456 3281 573 3352 iuvenis
596 3281 750 3340 immatura
772 3287 866 3340 morte
895 3281 1066 3356 absumptus
1089 3285 1138 3344 est

144 3389 219 3430 auno
237 3389 267 3430 u.
286 3389 311 3431 c.
332 3373 396 3431 731.
415 3372 527 3449 medio,
551 3375 658 3430 aetatis
675 3373 830 3450 vicesimo,
854 3375 888 3430 ut
905 3373 1023 3447 quidam
1042 3375 1140 3448 saepi--

77 3471 82 3479 “
144 3463 297 3541 esbantur,
317 3464 418 3522 Liviae
436 3464 552 3521 insidiis
564 3459 639 3545 (Dio
650 3467 704 3543 53,
723 3463 796 3548 33.)
835 3465 1022 3529 Communem
1033 3468 1137 3540 populi

143 3557 174 3612 et
191 3556 330 3633 Augusti,
350 3559 400 3630 qul
418 3571 485 3614 eum
502 3555 657 3631 adoptasse
676 3563 707 3615 et
722 3557 771 3615 sui
788 3558 820 3615 in
836 3571 927 3628 reguo
940 3573 1136 3616 successorem

144 3644 305 3704 destinasse
331 3647 436 3705 dieitur
460 3641 546 3732 (Dio.
572 3649 624 3724 53,
655 3645 740 3730 30.),
770 3665 932 3707 moerorem
962 3651 993 3706 ct
1025 3650 1135 3707 luctum

143 3735 267 3810 pingunt
292 3737 351 3796 Dio
375 3740 458 3796 Cass.
475 3739 528 3816 53,
547 3740 593 3796 30.
618 3741 689 3798 Veli.
710 3741 745 3818 2,
763 3741 809 3798 θλ
830 3742 860 3796 et
883 3740 947 3815 ipse
971 3740 1020 3798 ille
1038 3739 1133 3810 Virgi-

143 3825 198 3883 lius
217 3827 248 3883 in
266 3828 339 3886 Aen.
359 3829 394 3906 6,
414 3848 440 3887 v.
460 3829 628 3898 8612-887.
665 3831 754 3889 Eccui
772 3847 842 3891 vero
860 3847 920 3889 nou
938 3830 1084 3902 singulare
1102 3832 1138 3887 ei
