2758 4544
489 261 530 314 ,·
618 247 822 314 -28-

111 471 114 478 .
192 472 194 476 ,
233 413 420 476 aversabatur
433 409 484 493 ⁶),
505 415 567 470 tum
583 409 659 473 inde.
672 412 807 490 efficitur,
826 411 905 488 quod
922 427 981 470 non
999 413 1092 472 solum
1106 413 1215 476 tamilla

162 551 164 556 .
230 503 311 565 ribus
331 498 514 587 octaviane)
539 503 689 577 aliquoties
713 503 804 560 illusit
828 503 882 562 see
903 504 999 578 ipsum
1013 505 1121 583 etiam,
1147 506 1215 564 dum

155 671 157 678 Ι
230 581 320 654 vitam
346 597 520 672 inpudicam
543 594 646 652 acerbe
670 595 852 672 perstringit,
877 597 953 656 tecte
972 592 1129 676 carpsit·),
1153 597 1216 656 tum

229 688 430 760 quod‘statim
453 689 485 746 in
507 689 601 744 bonta
621 685 740 744 secundi
757 687 910 746 voluminis
929 683 1004 766 (Sat
1024 687 1053 763 2,
1073 688 1099 746 1.
1120 688 1164 745 10.
1185 691 1215 746 et

193 785 196 789 '
229 777 274 850 64.
295 779 323 855 2,
342 780 369 856 b.
387 776 469 861 62),
489 777 566 852 quod
583 793 642 834 non
659 778 702 835 ita
719 778 808 836 multo
832 781 899 853 post
923 792 1048 852 pugnam
1065 779 1214 836 Actiacam

227 869 335 944 publici
354 870 430 941 juris
453 871 561 928 factum
583 868 760 946 videbimus,
785 872 845 927 tam
870 870 1000 931 dextram
1028 873 1214 945 ornatamque

87 1021 90 1028 ,
228 961 514 1020 Octavianislaudem
531 960 657 1018 intexuit
669 960 812 1036 sermoni,
830 962 864 1018 ut
882 961 1011 1019 dubitari
1033 977 1093 1018 non
1119 962 1213 1036 possit

167 1061 169 1066 ’
226 1041 313 1129 omn,
332 1069 418 1128 quam
436 1056 523 1111 antea
541 1053 570 1110 ci
587 1050 715 1110 nondum
738 1051 880 1109 tribuerat
903 1053 1097 1110 reverentiam
1115 1056 1146 1110 et
1162 1066 1213 1109 ve-

225 1143 407 1221 recundiam,
436 1161 501 1203 cam
527 1147 589 1202 tum
622 1145 728 1218 palam
749 1143 873 1201 voluerit
907 1145 1047 1202 attestari.
1101 1143 1212 1211 Quodsi

225 1234 314 1306 igitur
332 1239 443 1294 certum
461 1239 507 1294 est
523 1235 675 1294 Horatium
693 1251 728 1293 eo
746 1233 892 1313 tempore.
912 1250 969 1310 quo
987 1235 1091 1294 librum
1104 1235 1130 1292 1.
1146 1235 1211 1314 Ser7

224 1341 341 1384 monum
368 1329 549 1404 composuit‚.
574 1327 705 1386 nondum
730 1315 889 1386 Octaviano
915 1327 1048 1402 lavisse„
1068 1341 1123 1384 nec
1152 1323 1211 1399 ipsi

224 1413 439 1500 innotuisse'),
468 1419 663 1495 quaerendum
690 1420 765 1497 erit,
800 1419 915 1495 quando
946 1419 975 1476 ei
1001 1417 1076 1475 benc
1105 1433 1211 1491 cupere

223 1509 359 1583 eoeperit.
402 1511 438 1568 Id
462 1515 558 1569 autem
582 1512 691 1585 aliquot
705 1512 798 1570 ,annis
822 1514 889 1569 ante
913 1520 1039 1585 pugnam
1062 1507 1211 1566 Actiacam

221 1599 329 1690 iactmn
347 1617 412 1673 esse
430 1603 514 1661 valde
532 1603 682 1678 probabile
702 1606 755 1661 est.
793 1603 910 1662 Etenim
933 1617 992 1660 non
1016 1601 1108 1658 solem
1127 1597 1220 1660 brevi·

221 1692 382 1769 posthanc
400 1699 534 1772 „victore
558 1699 656 1754 laetos
670 1696 828 1755 'Corcura’
852 1693 977 1752 exsultat
1001 1707 1091 1766 seque
1109 1692 1231 1765 aperte

221 1781 283 1853 ejus
301 1787 400 1858 partes
420 1789 588 1861 sequentem
606 1787 704 1862 prodit
722 1786 806 1863 epod.
826 1787 853 1843 3.
873 1781 923 1868 (v.
941 1785 969 1842 2.
989 1783 1120 1842 alnae.
1139 1773 1210 1861 37.)

220 1871 278 1931 sse
298 1875 327 1952 2,
347 1877 374 1932 6.
394 1877 430 1933 51
451 1894 493 1952 sq.
513 1877 559 1936 orb
581 1879 614 1955 1,
633 1878 679 1934 37.
700 1878 737 1935 16
755 1893 797 1950 sq.
819 1881 849 1933 ct
873 1880 941 1934 ante
964 1892 1029 1932 cam
1046 1869 1209 1930 Maecenati

217 1964 251 2022 in
267 1965 376 2024 bellum
392 1970 556 2040 profecturo
575 1983 607 2023 se
626 1969 761 2024 comitem
773 1983 838 2024 esse
850 1967 924 2022 velle
935 1968 1124 2038 paratumque
1143 1977 1208 2018 esse

216 2071 303 2114 omne
321 2057 460 2116 caesaris
483 2058 642 2132 periculum
665 2075 724 2114 una
748 2057 845 2115 subire
864 2053 1067 2127 scribitepcd.
1084 2053 1131 2127 l.,
1156 2051 1208 2108 sed

217 2148 298 2220 prius
324 2149 501 2206 etiamnum
524 2150 693 2206 Maecenate
718 2149 811 2225 diem,
836 2155 894 2222 quo
918 2147 984 2204 Sex.
1003 2141 1173 2217 PompeJ'um·
1188 2141 1227 2198 a*
1258 2161 1261 2173 .

206 2239 343 2296 'Caesare
365 2239 475 2296 victum
498 2256 563 2297 esse
587 2241 706 2297 nuntius
736 2239 839 2297 allatam
868 2239 931 2298 eret
957 2237 1093 2310 R‘omam,
1122 2231 1206 2291 festis
1320 2295 1323 2308 Ι

217 2327 339 2403 dapibus
358 2330 514 2388 celebravit
532 2324 634 2411 (epod.
654 2333 689 2408 9,
708 2326 754 2413 7.)
764 2331 792 2388 i.
811 2349 838 2388 e.
859 2345 935 2387 anno
953 2345 982 2384 u.
1002 2343 1026 2385 o.
1046 2326 1126 2402 ule,
1147 2339 1205 2398 quo

217 2419 284 2477 Sex.
308 2421 407 2495 Pomp.
432 2423 534 2482 Asiam
556 2423 646 2500 fugit,
672 2425 722 2478 aut
735 2439 772 2480 a.
797 2421 879 2500 llil,
904 2436 963 2494 quo
982 2418 1129 2490 jugulatus
1149 2419 1202 2474 est.

119 2505 126 2520 ⁸
216 2511 294 2578 Quid
312 2509 437 2571 miruml
462 2515 519 2575 Hx
537 2531 595 2588 quo
613 2516 743 2594 tempore
756 2514 893 2571 Horatius
912 2510 1071 2569 fautoribus
1090 2511 1120 2566 et
1132 2507 1202 2566 ami·

214 2601 256 2660 eis
280 2604 429 2681 utebatur,
455 2605 506 2679 qui
530 2606 681 2669 Octaviani
706 2607 813 2678 partes
827 2604 997 2679 probarent,
1022 2601 1203 2676 Maecenate,

214 2693 350 2772 Virgilio,
374 2697 462 2756 Vario
480 2693 608 2776 (Weicb
628 2697 665 2784 ilo
683 2698 750 2756 Ver.
770 2699 802 2754 et
820 2698 900 2755 cass.
920 2711 950 2770 p.
968 2694 1006 2752 33
1024 2707 1068 2768 sq.
1088 2695 1119 2752 et
1137 2685 1200 2770 72.)

216 2855 412 2871 ῠ-ο-ιηι

280 2957 310 3020 t)
326 2958 398 3009 Nuda
419 2963 544 3025 utrumque
566 2966 733 3012 commemorat
754 2926 813 3012 Sal.¹
828 2960 858 3020 1,
880 2960 904 3010 3.
927 2958 951 3008 4.
974 2941 1082 3020 (Caes.)
1104 2956 1129 3004 et
1144 2952 1198 3000 Sat·

213 3023 238 3084 1,
255 3027 279 3074 e.
296 3025 336 3074 8³.
352 3025 512 3091 (Antomum).
534 3029 588 3078 Nee
603 3029 726 3092 probabile
743 3033 793 3088 est,
816 3026 879 3089 quod
894 3023 985 3074 Weicb.
1001 3040 1025 3087 p.
1041 3037 1061 3070 r.
1076 3034 1132 3083 pag.
1149 3017 1198 3068 443

161 3091 164 3098 '
211 3103 248 3152 sq·
265 3089 296 3138 de
312 3089 369 3140 Var.
386 3095 411 3141 et
433 3093 502 3141 Cass.
518 3109 542 3156 p.
564 3095 621 3144 267.
643 3097 693 3142 not.
716 3095 757 3144 le.
780 3096 805 3142 et
827 3107 850 3155 p.
872 3093 929 3142 eto.
952 3091 1049 3148 statuit,
1071 3086 1212 3136 Horatium.

211 3155 247 3204 M.
262 3155 366 3206 Antonio
382 3158 506 3208 triumviro
522 3160 626 3219 larbre,
650 3161 707 3222 quia
726 3161 773 3223 ipsi
794 3173 848 3208 cum
867 3159 921 3208 lule
942 3155 1058 3214 Antonio,
1080 3152 1198 3203 triumuiri

209 3221 378 3354 gfx’sqsszfior
398 3225 548 3292 familiaritas
575 3227 741 3276 intercesserit
768 3225 877 3289 (Weiob.
900 3223 1010 3274 nevar.
1033 3225 1058 3270 ct
1080 3221 1149 3270 Cass.
1172 3233 1197 3282 p·

159 3406 161 3410 ψ
276 3375 306 3452 3)
320 3374 346 3422 iu
363 3375 416 3454 Sat.
433 3375 458 3424 2.
475 3375 608 3454 'tigellium
625 3377 654 3425 G.
671 3377 828 3440 Cupiennium
838 3376 954 3426 Libonem
970 3376 995 3422 et
1010 3386 1035 3420 v.
1051 3369 1092 3482 22.
1108 3365 1197 3481 laffi-

132 3543 134 3548 ,
210 3440 417 3566 aueum
435 3442 676 3572 trutinet·
695 3443 928 3506 ³
943 3437 1157 3562 {litai
1174 3463 1195 3546 .:

208 3583 234 3634 p·
250 3571 307 3622 398.
322 3573 382 3646 223.
398 3573 455 3624 lae.
472 3575 574 3626 Pasaov.
589 3577 632 3626 vit.
649 3581 699 3628 not.
714 3578 772 3628 166.
790 3580 815 3626 et
831 3569 888 3626 364.

276 3654 306 3718 6)
321 3653 413 3705 Wciob.
431 3655 462 3705 de
477 3657 535 3707 Var.
552 3661 577 3708 et
593 3659 662 3709 Cass.
679 3676 703 3724 p.
720 3658 760 3710 el.

274 3735 304 3802 ⁷)
319 3737 355 3786 lle
378 3738 493 3800 Octavio,
514 3742 555 3804 qui
576 3743 628 3792 Sat.
650 3740 674 3801 1,
698 3741 738 3792 16.
761 3739 802 3792 82.
824 3738 980 3794 memoratur,
1002 3735 1084 3799 ignoto
1100 3731 1195 3784 Horatii

209 3800 286 3852 arrico
302 3817 327 3854 r.
343 3804 434 3856 Weieb.
450 3811 514 3871 poet.
530 3808 597 3874 reliq.
613 3823 637 3873 p.
655 3807 711 3858 213.
798 3830 801 3836 .
