2790 4566
574 223 848 342 -rar‘-,

187 438 359 498 nominibus.
398 436 488 511 Atqui
507 436 571 510 ipsc
593 437 715 511 caesor,
729 422 791 508 'qai
816 431 1008 506 1111111111
1027 431 1072 492 ab·
1083 433 1174 505 Arute-

186 531 236 587 nio
255 530 333 604 solus
353 528 466 586 bellum.
480 530 648 601 susceperat
667 526 789 602 1.716.,
809 525 862 581 sed
879 541 982 596 magno
1002 525 1175 588 decidente

186 625 306 696 accepto
325 653 364 669 -
383 619 512 678 cumbis
532 619 634 678 classis
653 618 685 676 in
704 619 779 676 freto
791 617 887 678 Siculo
898 618 1083 690 periisset·
1101 619 1176 678 mari

185 713 338 772 abstinere
358 714 474 770 coactns
494 712 558 768 erat
576 705 656 786 (Dio
675 709 722 786 48,
742 709 787 768 47.
807 709 932 784 Appias.
951 708 980 768 b.
1000 726 1025 770 c.
1044 711 1073 787 5,
1092 711 1176 772 81·-

184 798 312 883 91.)‚a.
334 804 415 880 717.,
442 819 499 876 quo
523 818 629 861 novam
653 801 776 860 classem
800 800 923 874 parabat
940 794 1015 881 (Dio
1034 803 1080 879 18,
1100 800 1175 884 dtr),

185 895 293 966 viginti
314 911 464 952 servorum
483 895 574 954 millia
592 893 761 952 manumisit
772 895 802 950 et
814 893 852 950 ad
864 908 976 950 remum
988 892 1072 954 dedit
1088 890 1176 971 (Sne-

184 989 245 1044 ton.
266 988 330 1044 Oct.
351 982 424 1068 16.).
456 987 535 1056 Ergo
546 986 683 1046 Horatius
704 985 780 1041 hunc
792 983 933 1061 epodnm,
953 985 986 1041 in
998 1001 1177 1058 quomegne

185 1095 251 1162 oum
276 1078 474 1149 indignatione
499 1077 692 1152 Pompojanas
724 1077 823 1152 copias
854 1076 964 1153 tangit,
996 1093 1056 1134 non
1080 1080 1177 1152 potnit

184 1169 312 1228 scribere
331 1171 389 1226 nisi
407 1173 475 1226 ante
495 1187 520 1247 a.
542 1170 605 1228 717.
645 1169 784 1242 Alioquin
803 1168 905 1226 eodem
922 1168 1030 1240 injuria
1043 1169 1177 1230 cnemis

184 1262 283 1334 copias
303 1263 435 1320 affecisse
454 1262 535 1320 risus
554 1263 641 1320 esset
674 1263 721 1320 De
733 1265 864 1335 tempore
883 1261 973 1331 igitur
984 1261 1056 1320 satis
1074 1261 1176 1335 liquet.

183 1353 241 1410 Sed
259 1354 389 1430 litigant,
416 1354 481 1428 quis
504 1355 592 1412 fuerit
612 1361 737 1431 „sectus
761 1357 811 1412 itte
824 1353 957 1426 flopetb's
973 1357 1191 1412 triumvirali-1

158 1457 161 1479 ¹
183 1445 240 1504 ocu
266 1447 433 1504 Praeconi-r
448 1450 505 1504 od
529 1444 709 1516 fastidiuod'
728 1439 782 1527 (ci.
804 1447 922 1502 Sueton.
942 1445 1006 1502 Oct.
1033 1445 1078 1502 13.
1104 1445 1175 1518 iiio.

184 1537 307 1594 Gasaub.
328 1537 374 1594 ed.
393 1537 480 1592 Wolf.
500 1536 557 1592 vol.
577 1538 626 1596 IV.
646 1554 675 1609 p.
689 1532 789 1616 250.)‚
809 1525 1184 1610 11111111111111111111ι

182 1629 223 1684 tis
240 1629 287 1686 his
302 1617 412 1701 jambis'
428 1627 578 1701 proscidit.
610 1629 695 1684 Hunc
713 1631 828 1684 veteres
842 1615 1018 1684 scholiastae
1031 1628 1069 1685 ad
1088 1644 1178 1686 rmum
1189 1607 1207 1642 ⁸

54 1709 58 1724 '
98 1777 101 1783 ,
182 1735 283 1776 omnes
303 1723 447 1776 testantur
472 1719 562 1775 titisse
587 1722 713 1778 Menum
732 1718 793 1775 sive
812 1719 1020 1795 Menodorum‚
1040 1721 1091 1776 aut
1109 1721 1176 1784 Sex,

181 1809 314 1883 Pompeji
332 1805 413 1890 (Dio
433 1810 486 1885 48,
507 1810 552 1866 30.
572 1809 649 1883 App.
669 1809 698 1869 b.
719 1809 828 1885 1115,
849 1802 919 1889 81.)
945 1812 996 1867 aut
1021 1810 1073 1867 Cn
1092 1812 1177 1867 Pom·
1281 1825 1283 1836 ¹

146 1880 157 1904 ⁴
182 1900 243 1974 peji
262 1900 362 1970 Magni
382 1894 470 1980 (Veli.
483 1889 552 1956 ‘Pac
574 1901 607 1977 2,
628 1901 673 1962 73.
694 1891 787 1960 Schol.
809 1901 875 1960 Acr.
896 1901 1001 1975 Porpb.
1023 1904 1053 1958 et
1073 1894 1177 1982 Crnq.)

181 1991 333 2068 libortum,
354 1992 404 2064 qui
424 1993 489 2066 Sex.
509 1992 640 2065 Pompeii
652 1992 739 2072 plassi
750 1995 914 2066 praefectus
933 1994 1042 2065 egregii
1060 1993 1178 2066 quidem

181 2081 263 2140 ducis
282 2083 368 2142 lande
389 2084 483 2145 clerus
510 2085 566 2144 1111
591 2083 643 2144 sed
662 2101 680 2140 a
700 2083 821 2157 pertidia
840 2087 976 2142 famosus.
1014 2085 1090 2143 Nam
1111 2099 1177 2143 cum

181 2173 315 2233 Sardinia
333 2178 474 2249 occupata
494 2176 560 2235 Sex„
580 2174 719 2250 Pompejo
738 2180 893 2251 propterea
912 2179 1005 2236 iactus
1025 2178 1105 2235 esset
1124 2191 1177 2236 su·-

181 2270 308 2343 spectus,
328 2269 406 2342 qnod
425 2271 455 2337 et
474 2268 546 2328 elios
566 2269 697 2342 captivos
718 2270 749 2327 et
766 2270 909 2326 Helenum
929 2268 1085 2344 quendam,
1105 2269 1178 2326 Gae-

181 2359 255 2417 saris
279 2359 432 2436 libertum,
459 2359 621 2420 dimiserat*
634 2358 703 2420 ἄνευ
729 2358 843 2435 λύτρων
861 2354 940 2436 (Dio
961 2361 1042 2418 Cass.
1063 2359 1176 2435 tuso.

160 2446 268 2532 sb),
294 2451 344 2506 xci
370 2445 417 2507 (iri
435 2452 485 2507 rai
503 2448 549 2524 τῷ
573 2449 709 2526 Καίσαρι
733 2444 970 2521 ἔκεκοινολόγητο
993 2481 1033 2496 «-
1059 2453 1112 2509 καί
1133 2469 1178 2526 πῃ

143 2554 149 2620 j
180 2541 231 2598 xci
254 2536 315 2596 ὑπὸ
341 2541 400 2600 coir
427 2527 540 2616 ὁμόίων
566 2539 675 2616 φθόνῳ
700 2539 751 2610 τῆς
776 2533 949 2607 δυναστείας
973 2533 1120 2615 διεβλήθη
1138 2571 1177 2590 .-

181 2623 256 2706 (Dio
275 2629 323 2704 18,
343 2631 387 2687 45.
408 2633 444 2689 cr.
463 2633 540 2706 App.
560 2631 588 2688 b.
610 2632 663 2690 cir.
684 2630 719 2706 5,
738 2625 820 2710 78.),
844 2631 981 2686 evocatus
1006 2631 1044 2687 ab
1064 2647 1099 2688 eo
1117 2646 1178 2690 non

182 2721 276 2778 solum
293 2715 353 2777 ndn
372 2721 502 2778 obedivit
522 2721 617 2795 dioto,
643 2721 697 2801 sed
726 2715 814 2780 etiam
840 2721 1018 2796 Sardiniam,
1044 2722 1179 2798 classem,

181 2813 342 2870 exercitum
361 2828 450 2886 seque
470 2813 566 2886 ipsum
580 2809 685 2869 occisis
696 2810 829 2883 Pompcji
840 2811 944 2882 legetis
957 2812 1078 2871 tradidit
1089 2813 1179 2872 Octa·-

98 2959 109 2986 ,
180 2905 266 2961 riano
286 2921 312 2961 a
333 2903 398 2961 716.
436 2903 483 2960 Α1)
510 2902 565 2961 hoc
591 2901 785 2962 libentissime
811 2904 948 2974 exceptus
975 2903 1066 2960 etita
1085 2902 1178 2961 hono·

179 2999 260 3053 ratus
281 3000 341 3072 est,
361 2999 394 3052 ut
413 2996 509 3053 aureis
529 2994 624 3053 anulis
638 2993 846 3054 condecoratus
865 2993 897 3052 in
916 2996 1079 3065 equestrem
1098 2994 1177 3054 ordi·

179 3103 248 3143 nem
267 3071 482 3144 adscriberetur
501 3082 575 3166 (Dio
595 3085 648 3163 48,
677 3079 749 3168 45.).
793 3084 989 3146 Nihilominus
1014 3088 1112 3146 tamen
1137 3085 1177 3144 ed,

180 3179 247 3234 Sex.
268 3177 436 3250 Pompejnm
462 3193 488 3235 a.
509 3178 573 3234 718.
593 3177 682 3236 rediit
701 3171 781 3257 (Dio
801 3177 853 3252 48,
873 3171 951 3254 54.)
990 3177 1047 3232 Sed
1072 3177 1176 3236 ecdem

123 3298 125 3305 ·
179 3283 256 3327 anno
279 3284 395 3325 rursum
421 3268 546 3326 descivit
569 3267 607 3326 ad
633 3268 826 3330 Octavianum
844 3261 918 3347 (Dio
937 3268 990 3344 49,
1011 3259 1057 3347 l.)
1075 3269 1106 3328 et
1123 3282 1175 3342 pe·
1235 3287 1241 3294 ·

178 3427 377 3450 -ιιιι-ι-ι-ι-ι--δ

179 3549 209 3609 1,
231 3551 255 3602 Β.
277 3551 425 3602 1111111111.
447 3550 569 3613 ineman:
590 3553 674 3604 tetulo
695 3551 728 3602 11.
757 3565 773 3600 a
795 3549 896 3610 dextra,
918 3551 972 3602 init.
996 3549 1115 3612 (Sueton-
1133 3551 1172 3604 ed.

180 3617 251 3688 Wolf.
268 3621 316 3680 vot.
334 3621 353 3667 Ι.
369 3635 395 3683 p.
414 3619 499 3681 ertu:
517 3618 603 3679 „Mare
619 3621 706 3682 pacari
723 3632 740 3668 a
754 3617 927 3681 praedonibus.
951 3617 989 3667 Eo
1006 3619 1068 3668 bello
1085 3634 1172 3669 servo-

179 3697 231 3732 rum
248 3685 288 3744 qui
303 3686 423 3746 fugissent
438 3700 454 3734 a
476 3685 577 3736 dominis
594 3687 644 3736 suis
662 3690 686 3735 ct
698 3701 764 3736 arma
776 3690 862 3734 contra
873 3686 1041 3748 rempublicam
1057 3686 1171 3744 tulerunt,

180 3749 303 3812 [trigipta
325 3753 377 3802 iere
398 3752 472 3801 millis
494 3757 566 3816 capta
591 3753 692 3804 domnis
709 3753 741 3802 ed
757 3754 900 3817 supplicium
920 3753 1059 3804 sumendum
1081 3749 1171 3805 estin

178 3831 213 3874 sc,
230 3815 315 3879 elur
