2790 4566
510 357 513 364 Ι
599 291 669 362 Ν·-
702 257 765 330 itt
797 291 838 308 -

240 425 356 486 labente
374 377 422 484 rel
439 427 536 484 erecta
553 421 691 500 imperio„
711 423 748 482 de
760 422 880 484 oriente
892 421 1022 500 subacto,
1041 423 1078 482 de
1092 425 1237 502 Aegypto-

240 521 359 595 paeata,
384 515 421 574 de
438 516 579 594 bellorum
602 515 732 574 civilium
756 514 886 580 cladibus
910 516 941 572 et
964 515 1082 572 miseria
1103 516 1227 592 aliisquo

239 609 342 686 rebus,
362 610 395 667 ut
411 607 496 664 facile
519 595 668 666 intellectu
692 609 741 664 est
763 622 802 662 ex
826 605 1000 672 carminibus
1019 608 1087 662 tum
1101 601 1225 682 scriptis.

201 760 208 768 ,
238 699 302 760 Nec
314 715 390 756 anno
402 697 466 755 731.
477 697 609 754 odarium
627 701 722 762 ortum
740 713 805 757 esse
822 698 928 771 potest
964 697 1041 755 Nam
1057 713 1152 771 neque
1171 691 1233 756 hoc
1256 695 1277 744 ἰ

238 792 393 852 Maecenas
412 791 547 863 praeerat
564 788 643 865 urbi,
661 803 727 846 cum
743 789 807 862 ipse
819 789 969 859 Augustus
987 795 1224 861 praesensesaet.

295 882 352 940 'At
375 880 448 938 mire
462 879 570 937 ,omnia
585 879 702 944 indicia
722 880 755 945 in
773 896 802 938 a.
822 880 901 948 729.
919 877 1070 952 quadrant.
1099 882 1225 940 Primum

238 971 318 1030 enim
346 971 484 1030 cantabri
512 974 544 1028 et
566 972 690 1029 Astures
714 971 770 1028 hoc
794 985 871 1028 anuo
894 973 1001 1036 dauco,
1024 971 1223 1032 donabantur.

236 1065 304 1124 Jam
322 1079 348 1121 a.
368 1062 432 1127 727.
450 1063 600 1134 Augustus
612 1078 658 1126 ex
677 1061 786 1138 Gallia,
813 1077 870 1135 quo
894 1061 927 1118 in
944 1061 1124 1122 Britanniam
1142 1081 1225 1122 exer-

237 1155 327 1218 citum
341 1152 483 1212 ,ducturus
503 1171 534 1212 se
554 1153 729 1230 contuderat,
748 1152 780 1210 in
797 1152 969 1226 Hispaniam
986 1155 1131 1228 profectus
1149 1158 1222 1232 erat,

237 1262 303 1304 eam
321 1248 355 1304 ut
371 1245 550 1320 prouinciam
568 1244 756 1302 constitueret
775 1237 848 1324 (Dio
861 1243 914 1320 53,
932 1243 1004 1323 22.).
1034 1245 1132 1304 Rebus
1145 1244 1222 1304 dom·
1277 1238 1280 1252 '

236 1337 340 1411 positis
364 1337 470 1394 iterum
490 1335 624 1394 'decrevit
641 1336 674 1392 in
691 1334 871 1392 Britanniam
894 1335 1034 1406 trajicere.
1073 1335 1130 1394 Sed
1154 1352 1223 1410 pro·

236 1426 393 1490 bibebatur
407 1427 567 1486 rebellione
587 1425 809 1504 Cantabrorum,
827 1426 966 1484 Asturum
984 1427 1221 1504 cessassemus,

235 1519 331 1590 gentis
356 1519 515 1593 Inalpinas.
558 1519 634 1578 Hinc
657 1519 797 1578 adversus
821 1517 875 1576 hos
899 1518 979 1576 misit
998 1517 1035 1576 Α.
1054 1518 1222 1578 Terentium

233 1610 408 1688 Varronem,
435 1613 535 1668 contra
557 1610 623 1668 illos
646 1611 710 1686 ipse
736 1611 852 1687 quidem
876 1611 1004 1685 suscepit
1021 1609 1143 1686 hedum,
1169 1609 1222 1667 sed

234 1717 321 1773 aeger
339 1703 530 1760 Tarraconem
554 1718 693 1778 reversus,
709 1705 740 1762 0.
759 1703 887 1762 Antistio
906 1707 937 1761 et
954 1705 988 1761 Τ.
1009 1702 1120 1762 carisio
1143 1701 1221 1772 lega·
1302 1711 1304 1720 ·

233 1793 273 1848 tis
292 1792 444 1850 commisit.
483 1793 613 1860 Quorum
631 1810 720 1870 opera
738 1795 813 1852 istae
832 1797 933 1867 gentes
945 1796 1030 1870 plane
1050 1793 1222 1865 subiguntur

221 1879 308 1963 ‚(Dio
327 1885 408 1944 Gaas.
426 1884 479 1959 53,
499 1884 544 1942 25.
563 1873 670 1943 Justinss
691 1887 738 1962 44,
757 1883 819 1967 5.),
845 1887 1015 1962 sepultoque
1033 1886 1110 1944 bello
1128 1879 1222 1966 (παυ-

232 1977 361 2049 σαμένου
380 1968 414 2032 δὲ
431 1975 485 2060 rori
502 1975 633 2051 πολέμου
651 1983 765 2036 τούτου.
784 1977 842 2036 Dio
859 1979 879 2036 l
898 1973 1001 2056 aaa.)
1019 1979 1222 2036 veteranorum

232 2066 346 2124 colonia
362 2065 504 2140 Augusta
520 2067 712 2129 Emeritam
729 2067 881 2126 Lusitania
902 2068 1035 2128 mnditur
1052 2083 1079 2124 a.
1099 2067 1163 2123 722.
1184 2067 1220 2122 ct'.

195 2216 196 2222 χ
232 2157 350 2214 Sueten.
370 2159 435 2216 Oct.
459 2159 515 2233 20..
531 2159 577 2216 21.
602 2159 648 2216 85.
673 2161 749 2217 Flor.
776 2160 810 2235 4,
837 2159 881 2218 12.
901 2159 938 2214 46
957 2175 1000 2231 sq.
1020 2159 1103 2216 Oros.
1123 2157 1153 2233 6,
1171 2156 1219 2212 21.

144 2229 147 2329 f
232 2247 500 2320 serenasset.
514 2250 573 2308 ear.
586 2249 834 2308 mccccxcn
847 2251 995 2322 argacus
1008 2265 1084 2306 anno
1104 2247 1221 2306 demum

230 2339 295 2398 732.
314 2339 410 2398 medio
428 2341 550 2400 Romam
566 2341 644 2400 redit
661 2334 713 2420 (ci.
733 2341 772 2398 ad
790 2341 837 2426 cd.
856 2342 892 2422 3,
912 2336 985 2422 14).
1021 2341 1096 2400 'lum
1116 2341 1221 2398 Cauta·

229 2429 277 2491 bri
295 2433 326 2488 et
342 2431 464 2490 Astures
484 2433 579 2492 denuo
598 2435 693 2490 motus
711 2434 836 2509 faciunt,
856 2433 909 2492 sed
927 2433 985 2490 cito
1003 2433 1035 2490 iu
1046 2433 1233 2508 potestatem,

229 2521 400 2594 rediguntur
418 2520 492 2601 (Dio
509 2526 556 2602 53,
575 2523 648 2607 22..)
686 2524 777 2592 Vides
801 2525 891 2596 igitur
912 2525 1064 2585 Horatium
1072 2521 1219 2604 ‘edendis

143 2651 149 2660 ·
229 2613 315 2672 Mart.
335 2631 361 2672 a.
382 2616 445 2672 722.
467 2616 503 2672 de
524 2615 675 2674 cantabris
695 2611 822 2673 subactis
840 2616 920 2689 loqui
938 2615 1077 2690 potuisse.
1137 2643 1140 2652 ι

302 2706 407 2786 Eidem
429 2707 555 2780 tempori
578 2706 695 2778 egregie
720 2707 937 2766 accomodatam
961 2710 1008 2764 est
1032 2706 1109 2781 quod
1133 2705 1217 2762 dicit:

223 2798 356 2874 ,medua
372 2796 502 2870 infestus
519 2800 578 2858 ciba·
601 2802 747 2858 tecuam
769 2801 904 2858 Ds'aaa'dm
916 2801 1060 2860 ,armta.²’.
1084 2795 1218 2856 DePar·

228 2889 344 2946 thorum
361 2905 452 2960 regno
472 2889 534 2960 jam
553 2907 578 2948 a.
599 2891 664 2946 723.
684 2890 898 2948 contendebant
914 2892 1063 2948 Phraates
1080 2892 1113 2944 et
1130 2889 1217 2945 Tett-
1234 2947 1241 2957 ,

227 2981 313 3036 dates
331 2972 406 3054 (Dio
424 2980 471 3054 51,
492 2977 564 3059 18.).
601 2980 658 3038 Hic
675 2981 769 3038 victus
789 2981 862 3039 abiit
880 2981 912 3036 in
924 2981 1048 3055 Syriam,
1066 2977 1119 3034 sed
1136 2993 1216 3034 rece·

227 3067 271 3142 pit
288 3083 425 3144 regnum,
444 3085 510 3125 cum
526 3071 666 3132 Phraates
685 3070 722 3126 ab
741 3071 807 3144 ipso
825 3072 933 3145 populo
951 3073 984 3130 in
1001 3070 1135 3130 exsilium
1152 3069 1216 3142 pul-

105 3152 107 3170 '
228 3174 278 3216 sus
297 3160 383 3216 esset
421 3159 559 3218 Phraates
577 3173 648 3218 vero
666 3161 815 3224 immensis
834 3163 1006 3235 Scytharum
1029 3161 1147 3222 auxiliis
1165 3160 1217 3218 ad·

222 3249 305 3322 jutus
320 3250 430 3310 bellum
448 3255 531 3332 parat
550 3268 577 3312 a.
597 3252 665 3308 tan
699 3253 937 3312 HiucTeridates
956 3254 1077 3330 ,audito
1090 3251 1215 3308 adventu

123 3348 129 3367 ¹
226 3342 396 3412 Scytharum
422 3360 488 3400 cum
511 3358 616 3415 magna
643 3344 800 3402 amicorum
828 3361 916 3402 manu
943 3343 982 3401 ad
1007 3337 1158 3401 Caesarem
1183 3342 1241 3396 iu.

129 3438 134 3463 ⁷
225 3431 398 3505 Hispaniam
420 3434 529 3494 bellum
551 3438 621 3493 tuac
644 3436 783 3508 temporis
808 3439 956 3507 gerentem
973 3431 1116 3506 proroga,
1134 3429 1215 3485 obsi-

227 3520 295 3579 dem
314 3525 431 3582 Caesari
449 3527 599 3584 minimum
616 3525 705 3584 tilium
722 3526 855 3584 Phraatis
878 3529 990 3596 ferens,
1015 3535 1102 3595 quem
1122 3520 1215 3592 negli-

226 3612 342 3684 gentius
360 3616 534 3674 cusmditum
551 3617 716 3692 rapuerat',
734 3618 877 3674 referente
895 3613 1010 3672 Jusb'no
1033 3612 1101 3670 libr.
1120 3611 1168 3688 42,
1185 3611 1213 3669 5.

165 3693 172 3705 ‘
226 3701 256 3780 ᾗ.
275 3705 303 3763 6.
348 3706 486 3764 Phraates
511 3707 622 3778 legatos
647 3708 768 3766 Romam
791 3705 871 3764 misit
896 3705 1080 3782 ,repetitum
1098 3719 1214 3761 servum

227 3809 312 3872 suum
328 3797 494 3884 Teridatem
513 3800 546 3862 et¹
560 3798 678 3858 hlium'’
708 3798 774 3874 lpse
787 3796 939 3858 Teridates
950 3797 1060 3858 &aare
1071 3798 1210 3856 voratu.
1296 3814 1298 3824 ·
