2758 4544
547 331 754 396 -49,

1071 395 1169 435 .s‚

154 498 263 570 quaest
284 511 312 570 p.
332 495 389 572 27„
409 491 438 573 ξ.
457 491 536 576 50.),
557 498 588 551 et
606 512 676 552 vero
695 495 783 552 etiam
801 495 859 552 nisi
878 495 1142 555 meomniaiallunt
1253 508 1255 516 ¹

153 587 300 644 blanditiis
319 585 393 662 illis,
419 585 523 660 quibus
543 593 675 664 „amulo
698 589 759 645 istu
775 591 880 645 acutis
896 590 1024 649 mulum
1043 595 1071 646 et
1088 591 1140 645 trt-

152 676 327 738 sdtomtud‘
347 679 543 736 consalutatur
566 679 599 740 in
623 678 682 736 Sat.
698 677 747 754 12,
779 677 804 734 1.
833 695 875 735 vs.
905 679 951 737 48.
984 680 1140 756 „Occidis
1191 698 1198 712 ‘
1236 741 1240 759 k

151 769 263 828 Albuti·
281 769 391 844 tuitus
420 777 465 829 est
491 773 616 830 immiso
642 786 793 827 cenenum
820 765 1031 850 (minitatur.)“
1060 773 1091 826 et
1107 771 1140 827 in

152 862 281 918 extremo
307 858 476 918 Sermonum
506 878 607 945 versu:
632 863 738 937 „velut
759 863 820 922 illis
847 861 978 920 Canidia
1003 857 1142 933 afflasset

148 952 237 1026 pejor
262 954 452 1026 serpentibus
478 948 595 1025 Alrr'cf‘
635 952 718 1009 Clare
747 969 778 1010 se
806 953 1017 1026 provectiorem
1045 953 1141 1010 aetate

151 1060 215 1100 esse
235 1043 377 1114 significat
395 1062 422 1100 v.
442 1043 504 1101 2l.z
621 1078 623 1082 .
833 1089 836 1096 .

299 1137 392 1210 Rupit
401 1134 553 1208 secentas
571 1142 600 1194 et
616 1136 806 1196 vastandus
824 1136 907 1194 color

297 1229 429 1302 Reliquit
447 1243 519 1286 oasa
534 1229 613 1300 pelle
633 1229 745 1284 caueto
764 1217 885 1298 luridu3

298 1320 371 1376 litte
389 1321 520 1392 catullus·
537 1320 626 1377 ollas
644 1318 856 1377 astutioribus.

223 1413 285 1477 Nec
304 1409 405 1467 dubito
425 1410 495 1484 quin
515 1409 577 1481 jam
595 1410 687 1483 lyrica
705 1409 816 1482 aliquot
835 1409 962 1468 carolina
980 1409 1042 1464 tum
1060 1405 1142 1464 inno·

148 1501 258 1558 tuerint
276 1502 313 1559 ob
332 1519 360 1558 v.
380 1501 442 1558 39.:

347 1623 386 1636 -
403 1611 442 1636 ¹-
460 1595 523 1652 st've
540 1597 719 1650 mendaci
744 1597 833 1668 lyra
857 1599 860 1602 “

301 1685 389 1743 Voles
407 1685 528 1758 aonam,
544 1687 726 1758 impudica,
745 1691 779 1742 tu
795 1683 894 1754 prola

299 1774 533 1852 Perambututis
552 1780 638 1830 astra
656 1777 742 1832 sidus
761 1787 900 1835 aureum.
919 1767 926 1792 “

225 1863 362 1921 Alterum
385 1879 457 1920 vero
480 1866 513 1938 ut
537 1863 616 1921 haud
645 1864 732 1920 dubie
760 1864 848 1937 pocta
874 1860 981 1920 voluit:
1009 1889 1048 1901 —
1076 1857 1144 1931 audi

148 1953 239 2016 modo
259 1955 405 2028 supplices
425 1971 527 2036 preces
547 1971 618 2030 quas
639 1973 665 2011 v.
687 1955 723 2012 19
743 1969 785 2028 sq.
806 1952 908 2010 callide
928 1951 967 2010 ad
995 1950 1145 2014 Canidiam

148 2027 244 2103 mndit
261 2078 300 2090 -
318 2047 360 2102 ita
385 2047 481 2120 aptius
506 2048 600 2106 facere
625 2063 685 2104 non
712 2044 809 2120 potuit
835 2045 894 2102 nisi
922 2061 988 2102 cum
1016 2043 1145 2114 syllogen
1176 2115 1179 2131 ι

150 2137 306 2207 evulgaret.
346 2137 420 2194 Nam
440 2153 513 2195 cumx
524 2137 690 2198 retardatae
711 2136 848 2194 editionis
868 2152 903 2192 ea
927 2151 1031 2194 caussa
1055 2136 1144 2210 esset,
1222 2129 1224 2136 ’

150 2230 183 2283 ut
202 2227 433 2286 defervescerent
451 2229 568 2286 interim
586 2230 647 2288 irae
668 2232 698 2285 et
716 2229 800 2304 odia,
825 2244 947 2302 cumque
972 2226 1145 2284 maledicen·
1182 2216 1186 2229 ’

116 2301 119 2313 ’
150 2317 280 2374 tissimae
299 2318 458 2393 epodorum
477 2320 593 2390 eelogae
617 2321 650 2376 in
669 2320 897 2376 exsecrationem
917 2317 1055 2376 Canidiae
1075 2315 1145 2373 scri·

149 2411 218 2482 ptae
238 2413 346 2486 essent,
366 2410 456 2467 etiam
474 2409 558 2482 epod.
579 2411 605 2466 8.
627 2413 658 2466 et
678 2408 1034 2486 12.‚„auct0ribus‘Schol.
1055 2409 1143 2482 cruq.

149 2500 213 2556 init.
234 2502 264 2555 et
281 2501 387 2557 Acron
407 2500 445 2556 ad
463 2516 491 2555 v.
503 2494 624 2580 14..¹¹):
644 2502 708 2555 erat
732 2515 801 2556 sane
822 2499 899 2572 quod
916 2501 1004 2583 poeta
1016 2497 1146 2575 editurus

148 2589 280 2647 libellum
298 2591 401 2661 harum
418 2591 602 2664 potissimum
620 2607 717 2647 rerum
735 2590 917 2664 poenitentia
936 2605 967 2644 se
982 2591 1146 2662 correptum
1167 2656 1173 2670 ,

150 2679 310 2755 simularet,
329 2681 466 2737 nimirum
482 2683 516 2736 ut
534 2683 714 2737 caeterorum
732 2697 846 2756 quoque
866 2679 1038 2756 probrorum
1057 2665 1146 2736 oileu-

150 2770 264 2836 sionem
283 2771 425 2848 elevaret‚
452 2786 542 2844 eaque
562 2787 601 2826 ex
615 2771 739 2841 juvenili
757 2773 855 2846 potius
880 2771 1042 2846 petulantia
1065 2771 1146 2828 velli·

150 2861 294 2934 candique
312 2862 434 2919 libidine
454 2853 540 2936 quam
560 2877 597 2917 ex
615 2857 719 2918 innata'
734 2862 824 2919 animi
842 2862 1017 2938 procacitate
1038 2863 1068 2917 et
1086 2877 1147 2918 mu·
1253 2873 1257 2890 ·

151 2951 282 3024 lignitate
295 2954 475 3026 ¹profluxisse
502 2943 670 3011 osten'deret
683 2948 737 3035 ¹²).
764 2954 822 3011 xIta
847 2954 936 3024 igitur
956 2952 1081 3027 epodum
1100 2953 1145 3010 17.

58 3085 60 3096 .
151 3045 280 3100 omnium
297 3047 445 3118 postremo
463 3046 483 3101 i.
504 3062 530 3101 e.
550 3047 618 3118 post
637 3060 704 3101 ann
724 3045 789 3104 723.
810 3048 961 3127 exmatum
980 3047 1010 3100 et
1034 3045 1146 3102 coroni-

153 3133 198 3190 dis
216 3135 280 3192 loco
299 3137 428 3192 conlecto
446 3135 544 3207 libello
564 3135 695 3192 additum
713 3152 778 3192 esse
798 3135 877 3192 omni
895 3136 981 3192 modo
997 3137 1144 3209 probatur.

153 3224 244 3297 Atqui
264 3226 388 3282 eundem
412 3225 492 3282 edito
517 3225 633 3282 demum
660 3227 829 3282 Sermonum
853 3226 928 3284 libro
952 3227 989 3282 Π.
1009 3226 1028 3281 i.
1050 3244 1076 3282 e.
1096 3228 1147 3280 aut

111 3357 115 3382 ,
154 3315 218 3388 ipso
240 3332 316 3373 anno
337 3317 402 3373 724.
423 3318 474 3372 aut
485 3315 568 3372 brevi
586 3317 654 3390 post
673 3317 812 3390 scriptum
831 3333 895 3372 csse
914 3315 1071 3372 verisimile
1091 3316 1144 3371 est.

154 3444 352 3458 ——n-—n

220 3581 266 3646 11)
282 3583 382 3645 Negant
398 3581 530 3643 vanuco,
548 3581 630 3641 Orelli,
647 3581 747 3630 Kirclm.
764 3577 858 3643 quaest.
875 3596 899 3645 p.
917 3582 956 3631 25.
974 3581 998 3646 §·
1016 3583 1058 3634 lc,

220 3662 266 3727 lt)
283 3665 336 3714 Sat.
353 3665 378 3725 1,
395 3665 419 3714 l.
437 3666 489 3716 sa:

303 3732 392 3784 Omnes
408 3732 432 3778 hi
449 3735 558 3786 metuunt
573 3746 675 3791 versus,
693 3732 768 3780 odere
783 3735 877 3794 poetas.

303 3797 425 3857 „Foenum
442 3797 516 3847 habet
531 3800 556 3846 in
574 3812 662 3857 cornu,
678 3799 750 3860 louge
766 3797 835 3858 fuge,
853 3797 996 3848 dummodo
1012 3799 1097 3848 risum

304 3863 434 3914 mutiat
449 3862 515 3930 stt,
531 3877 584 3914 non
600 3863 644 3914 lte
659 3865 782 3932 adquam
796 3867 895 3929 parcet
910 3867 1025 3914 omtcc.“

928 3944 946 4000 4
1134 3986 1139 3996 ,
