2758 4544
606 311 648 322 ...
687 275 731 342 ω
771 309 812 320 ..
899 365 902 384 1
959 287 960 294 κ

295 451 367 508 Sunt
384 449 482 504 tamen
501 446 532 499 et
549 441 623 517 alia,
648 455 722 514 quae
746 439 817 496 mihi
841 453 981 514 meaeque
1000 439 1209 514 oeauputatioui
1374 507 1375 514 ἵ

220 541 405 616 opitulantur.
443 533 517 594 Nolo
536 530 653 606 quidem
671 547 813 607 premere,
839 533 884 588 sat
908 545 1041 602 magnam
1056 530 1119 602 jam
1136 534 1212 588 tem.
1374 519 1375 528 ’

220 633 299 710 poris
325 625 570 700 intercapedinem
593 622 670 680 inter
695 621 857 680 editionem
873 620 1004 695 'priorum
1033 621 1212 680 voluminum

154 779 155 784 ,
220 729 251 783 et
269 722 364 798 quarti
383 734 463 793 esse,
483 731 557 790 quae
576 715 726 789 qualiaque
750 713 914 787 requiratur
930 713 1060 770 unanimi
1079 714 1211 770 Suetonii

220 819 251 873 et
275 812 498 872 Scholiastamm
528 805 711 882 testimonio,
742 821 780 860 ex
810 819 868 878 quo
892 804 1030 862 Horatius
1060 806 1150 878 leupo
1163 799 1212 884 Η)

219 897 332 987 (Suet)
350 901 398 958 vel
414 902 551 958 murima
569 897 721 954 intervallo
734 893 855 976 (Aaron.
874 895 980 969 Perph.
1002 890 1105 976 Cruq.)
1124 910 1212 969 quar·

220 1001 282 1054 tum
300 993 426 1052 seribere
445 991 482 1048 ab
501 991 633 1060 Auguste
652 988 816 1060 compulsus
834 1005 900 1044 esse
920 987 1041 1063 dieitur,
1064 1002 1120 1042 nec
1138 986 1213 1042 mul·

172 1063 179 1090 Ι
219 1093 281 1146 tum
300 1087 413 1160 tribuo,
433 1081 511 1156 qued
528 1080 646 1138 brevius
664 1075 803 1153 temporie
822 1079 963 1155 epatium,
983 1095 1070 1152 quam
1088 1077 1136 1144 cul
1153 1077 1212 1134 ista

218 1179 347 1238 narratio
365 1177 441 1236 hene
455 1172 628 1246 'conveniam
648 1187 748 1250 eorum
767 1187 804 1226 ex
823 1171 935 1236 ratione
960 1169 1089 1245 oriatur,
1105 1169 1164 1243 ‚qui
1183 1185 1212 1225 a.

220 1272 284 1329 736.
311 1266 469 1326 carminum
494 1263 624 1334 syllogen
648 1261 824 1332 divulgatam
849 1278 914 1318 esso
940 1263 1078 1318 statuunt
1121 1259 1161 1316 At
1179 1259 1212 1316 id
1320 1311 1322 1319 ,
1374 1237 1375 1244 ¹

194 1353 284 1430 *meo
309 1375 355 1415 me
376 1357 442 1428 jure
466 1370 598 1428 premere
622 1354 653 1409 et
678 1369 732 1424 ego
756 1367 927 1425 persuasum
950 1351 1045 1408 babeo
1067 1352 1097 1407 et
1115 1349 1213 1424 quivis

220 1453 304 1513 facile
324 1447 516 1521 concesserit,
533 1446 618 1520 prcud
634 1459 692 1502 nec
708 1435 807 1502 ullum
825 1459 953 1502 euroeae
969 1450 1037 1516 poet
1054 1457 1129 1499 oue..
1141 1457 1172 1499 aa
1185 1427 1220 1498 e'
1282 1509 1292 1516 ,

222 1545 300 1603 73⁰.
323 1543 469 1612 scriptum
493 1552 559 1594 ecee
588 1538 679 1593 certia
705 1538 893 1610 urpumeae’r
917 1537 1015 1592 coiea
1042 1538 1152 1608 puteat,
1183 1537 1214 1590 ct

220 1637 373 1712 quaedam
390 1631 578 1688 euhemerum
596 1629 789 1704 meeum,
805 1633 842 1684 ut
857 1627 950 1685 libros
958 1626 1122 1699 pertertare
1133 1629 1219 1680 terre-v

218 1738 294 1802 pore
309 1726 437 1782 maaca
453 1735 519 1777 aare
533 1723 629 1791 putea.
666 1719 711 1774 Ae
736 1717 772 1774 de
796 1717 847 1774 illa
871 1716 988 1790 quidem
1006 1733 1039 1772 re
1056 1746 1094 1760 -
1112 1729 1213 1787 quam-

219 1834 309 1893 quam
322 1815 384 1886 jam
403 1813 557 1870 clamorem
575 1810 606 1864 et
624 1809 796 1866 cachinnum
819 1807 946 1881 unrhque
971 1807 1116 1864 sublatum
1137 1803 1213 1862 auri·

219 1911 275 1968 bue
295 1904 425 1982 percipio
443 1917 559 1978 eorum,
579 1899 630 1974 qui
648 1900 788 1958 citissime
812 1899 851 1956 ad
874 1915 979 1958 navem
1002 1897 1082 1954 illam
1100 1893 1213 1966 Virgilii

220 1999 379 2076 provocant
403 2028 441 2038 -
465 1992 566 2067 paucis
591 1990 686 2047 dicam
709 1993 820 2063 postea
863 1991 948 2047 Nunc
971 1989 1106 2044 irretorto
1130 1986 1213 2042 vultu

220 2104 380 2168 persequar
403 2102 456 2162 ea,
486 2099 560 2158 qnae
593 2081 749 2155 prohibent
780 2081 932 2154 quominus
963 2077 1090 2135 carmina
1119 2077 1212 2132 multo

221 2185 289 2258 post
307 2197 333 2238 a.
353 2179 417 2235 730.
442 2177 560 2246 vulgata
584 2189 649 2230 esse
676 2171 837 2230 credantur.
881 2173 927 2230 Dc
952 2184 1009 2243 quo
1032 2169 1096 2225 leco
1121 2167 1212 2223 mulla

217 2276 280 2347 J‘am
302 2271 430 2346 perbene
456 2265 615 2341 disputavit
639 2260 874 2333 Venderburgius
898 2262 931 2318 in
955 2260 1024 2316 edit
1049 2258 1106 2316 vol.
1131 2258 1155 2314 I.
1180 2273 1210 2330 p.
1310 2273 1313 2282 ¹

219 2367 277 2424 313
295 2381 339 2438 aq.
357 2393 397 2408 -
432 2360 462 2416 ls
488 2359 560 2416 scite
584 2355 688 2429 opiner
712 2357 744 2410 et
767 2356 850 2412 acute
869 2350 1035 2410 observavit
1053 2350 1139 2424 plane
1157 2349 1212 2404 im·

221 2455 372 2534 prehabito
391 2469 472 2521 esse,
497 2449 650 2508 Horatium
668 2461 785 2502 carmen
802 2444 869 2501 libri
886 2445 937 2501 ΠΙ.
958 2444 1002 2499 19.
1022 2441 1149 2513 syllegae
1167 2439 1212 2502 in·

219 2548 427 2624 terpesiturum
436 2543 542 2617 luisse,
562 2539 588 2596 si
600 2555 626 2596 a
639 2537 705 2594 732.
725 2553 789 2594 eam
801 2534 949 2592 edidisset
968 2535 1044 2592 Nam
1055 2549 1121 2590 eum
1131 2531 1212 2588 ineo

220 2643 254 2698 L.
274 2641 425 2700 [drauum
445 2636 614 2694 Varronem
631 2631 831 2704 murenam,
849 2614 991 2696 Proculeji
1009 2627 1041 2682 et
1057 2622 1212 2684 Terentiae

221 2735 339 2796 fratrem
358 2723 410 2809 (cs.
430 2725 478 2783 ed.
497 2724 532 2800 2,
551 2722 578 2778 2.
598 2721 624 2777 5.
646 2722 678 2777 et
701 2721 828 2777 Massou.
854 2719 905 2776 vit.
924 2735 954 2792 p.
973 2710 1072 2796 301),
1097 2713 1144 2771 oui
1162 2729 1213 2768 au·

220 2839 302 2882 ream
325 2819 553 2878 mediocritatem
577 2811 759 2871 commendat
781 2812 814 2868 in
838 2811 883 2866 od.
904 2809 938 2883 2,
963 2809 1024 2882 le,
1048 2804 1087 2861 ob
1105 2818 1212 2860 nevum

221 2915 339 2984 auguria
364 2913 503 2968 honorem
527 2905 634 2965 blanda
647 2900 843 2958 'observantia
866 2899 908 2954 ita
925 2896 1068 2971 celebret,
1087 2896 1121 2950 ut
1139 2891 1211 2948 satie

221 3007 315 3062 artam
333 3017 399 3058 cum
417 3016 453 3054 eo
477 2995 701 3054 familiaritatem
723 2990 783 3062 ipsi
806 2987 896 3044 ruisse
914 2985 1068 3059 appareat:
1087 2983 1212 3040 inconsi-

179 3110 181 3116 ’
222 3096 322 3152 derata
342 3093 372 3148 et
389 3085 583 3146 inverecunde
603 3081 727 3156 egisset,
747 3079 773 3135 si
791 3080 859 3152 post
877 3076 1021 3134 detectam
1039 3073 1215 3146 conjuratio·

221 3203 305 3262 nem,
330 3195 417 3258 quam
441 3195 467 3236 a
489 3176 557 3234 Ι732.
600 3174 741 3230 Muraena
770 3186 837 3227 eum
860 3166 972 3227 Fannio
996 3166 1144 3240 Caepione
1174 3163 1214 3220 ad

132 3335 134 3342 .
221 3279 385 3350 Augustum
409 3267 629 3346 opprimendum
652 3263 758 3320 inierat
783 3256 905 3340 (Vellei.
922 3259 953 3336 2,
971 3258 1018 3318 91.
1038 3257 1116 3314 Suet.
1135 3257 1211 3325 hug.

223 3438 422 3450 ...----

224 3527 314 3578 Tibulli
330 3541 346 3574 a
360 3524 471 3573 Diaeehio
489 3521 547 3570 editi
563 3520 588 3566 iu
605 3514 748 3580 ephemerid.
769 3515 859 3562 literar.
882 3509 980 3558 Halano.
996 3521 1051 3556 ann.
1067 3505 1142 3556 1836.
1157 3505 1211 3556 Jun.

224 3597 283 3644 luae.
305 3591 362 3641 11⁰.
384 3605 408 3651 p.
430 3589 488 3636 339.
512 3590 563 3634 trae
585 3584 683 3630 odarum
702 3582 776 3638 libror
798 3579 868 3640 paule
891 3579 946 3640 poet
962 3573 1055 3624 initium
1070 3587 1094 3621 a.
1111 3573 1168 3624 ⁷³⁰.
1186 3575 1219 3636 et¹

224 3665 282 3711 ante
297 3659 399 3708 hiemem
415 3669 438 3702 a.
454 3653 512 3702 732.
530 3649 609 3700 editoe
626 3662 680 3696 aare
696 3645 766 3693 dixit.

291 3757 337 3822 ιτ)
353 3756 452 3806 suco.
469 3755 517 3800 oct.
533 3748 574 3798 aa.
596 3745 778 3806 „audoenum
794 3742 979 3806 (munaum)
994 3705 1080 3804 naeu
1096 3739 1113 3788 i
1130 3753 1154 3788 e.
1170 3751 1215 3790 a·

226 3825 368 3894 peruecta
382 3833 498 3874 unorum
513 3813 639 3868 martello
654 3838 688 3850 --
704 3809 818 3877 petivit!”
