2758 4544
538 261 659 390 ...ΚΜ
702 232 748 314 ..s

151 435 201 510 qul
219 435 387 510 'pinosque
415 427 453 492 ll.
484 425 637 488 voluminis
667 429 821 488 sermones
857 427 1021 500 evidenter,
1043 423 1137 490 serlus
1204 422 1209 432 ’

130 580 133 591 ,
150 527 326 602 compositos
342 539 409 582 csse
428 537 515 595 quam
532 521 620 595 primi
637 519 814 594 meminerit,
838 522 901 578 tum
918 521 1003 595 plum
1020 523 1136 582 omniuo

147 618 199 676 isti
217 616 324 676 rationi
342 613 506 690 adversari,
524 614 622 670 fuvere
640 614 766 672 nostrae.

223 709 251 768 2.
276 707 433 768 Videamus
459 705 536 761 euim
562 703 597 760 de
621 703 761 763 librorum
785 691 955 764 differentia.
992 705 1027 764 ln
1045 707 1137 766 altero
1205 748 1209 779 :

150 800 262 857 cautior
289 799 380 855 multo
409 799 439 852 et
469 794 628 866 mitigatior
659 779 754 852 Setir'a
783 797 830 850 est
856 794 942 866 quam
971 797 1003 853 in
1030 799 1135 871 priore.

149 891 293 950 Acerbum
311 887 543 962 mordacitatem,
569 877 626 959 qua
650 886 683 942 in
707 886 762 942 hoo
786 885 818 941 in
841 877 1072 961 unumquemoue
1090 889 1139 948 vel

39 1009 41 1013 ·
147 985 231 1041 recto
255 981 306 1063 vel¹
326 981 393 1038 ficto
417 978 533 1035 nomine
551 980 683 1036 notatum
700 976 792 1035 libere
811 976 958 1034 invehitur
975 989 1014 1023 -'-
1032 980 1090 1036 Set.
1109 981 1136 1036 2.

125 1089 130 1093 ·
148 1073 176 1130 3.
197 1073 224 1129 7.
245 1071 271 1129 8.
290 1102 329 1115 -
346 1073 453 1128 trustra
472 1069 650 1142 quaesiveris
668 1069 701 1126 in
719 1069 817 1128 altero.
856 1069 912 1126 Hie
930 1085 989 1126 uon
1006 1073 1067 1128 tem
1080 1071 1139 1128 siu·

148 1163 232 1235 gulos
251 1163 387 1232 homines,
402 1177 488 1236 quem
505 1175 618 1217 morum
637 1164 667 1218 et
684 1161 774 1218 totius
792 1159 882 1236 vitae,
901 1176 975 1234 quae
988 1161 1141 1236 qualisque
1234 1153 1236 1158 ’

148 1259 223 1313 tnnc.
236 1255 301 1331 tuit,
321 1254 542 1329 perversitatem
561 1250 672 1330 derisit,
691 1253 780 1328 idque
791 1255 851 1310 tam
864 1253 957 1328 ceute,
975 1257 1010 1308 ut
1024 1269 1139 1310 omnem

148 1347 362 1405 cavillationem
386 1360 446 1402 non
471 1363 509 1403 ex
534 1361 587 1403 sue
609 1343 702 1418 ipsius
722 1361 847 1419 persona
864 1347 898 1401 ut
915 1346 1003 1401 antee
1019 1345 1139 1421 fuceret,

149 1438 202 1496 red
231 1437 389 1496 dramatico
417 1455 486 1494 usus
515 1422 608 1496 forma
635 1437 777 1496 tribueret
804 1437 877 1494 eliis.
926 1437 991 1503 Quo
1018 1435 1140 1494 artificio

148 1542 215 1587 cum
233 1531 321 1603 poeto
338 1529 491 1586 referentis
509 1528 601 1586 veluti
625 1529 731 1586 actoris
756 1531 853 1602 partes
879 1530 978 1600 egeret
991 1525 1053 1608 ¹¹),
1077 1523 1158 1584 fieri*

147 1630 207 1678 non
225 1623 340 1694 poterat
365 1619 435 1693 quin
452 1621 542 1676 multo
567 1619 657 1676 tutius
677 1615 707 1674 et
724 1620 835 1679 minore
854 1619 1013 1676 offensione
1032 1619 1141 1676 circum

147 1711 318 1787 praecordia
348 1710 497 1769 hominum
524 1709 647 1767 luderet
697 1711 864 1768 Dramatice
883 1725 963 1766 uero
988 1709 1081 1766 formu
1107 1711 1141 1766 ut

135 1804 238 1868 *satira
256 1801 354 1858 mitior
373 1803 404 1855 et
421 1799 517 1856 minus
537 1800 612 1856 acris
631 1802 708 1857 lecta
724 1803 788 1874 est,
807 1800 850 1856 ita
873 1791 1028 1874 perfectior
1052 1800 1141 1856 etium

149 1897 180 1950 et
205 1891 339 1950 omnibus
362 1889 502 1948 numeris¹
515 1889 656 1948 absoluta.
694 1881 801 1946 Merito
826 1889 903 1948 enim
922 1889 1043 1947 secundi
1060 1889 1140 1948 volu·

148 1984 236 2042 minis
255 1982 376 2058 eclogds'
389 1982 427 2040 ud
445 1998 532 2038 unam
557 1998 659 2039 omnes
683 1981 976 2039 consummatissimae
990 1981 1140 2052 judicave-
1164 2033 1167 2042 ,

148 2075 198 2134 ris.
236 2075 298 2132 Iam
322 2091 388 2131 cum
413 2073 556 2147 duplicem
580 2073 655 2131 hanc
673 2073 779 2130 satirae
798 2073 989 2130 mutationem
1012 2073 1090 2130 inter
1108 2089 1141 2128 se

149 2167 304 2238 cohaerere
321 2168 351 2223 et
365 2159 480 2243 studiis,
499 2167 616 2238 ingenio
636 2166 771 2238 vitaeque
794 2165 952 2222 conditioni
972 2168 1077 2240 poetae
1095 2181 1141 2223 re·
1177 2173 1179 2184 ⁴

149 2259 309 2334 spondere,
329 2258 407 2332 quin
419 2273 457 2314 ex
474 2273 533 2315 uno
553 2256 712 2332 eodemque
731 2259 810 2315 sonte
825 2259 1061 2339 pmfectamssesse
1080 2272 1141 2314 non

148 2351 210 2406 tam
238 2352 463 2406 cousentaneum
491 2365 578 2422 quem
604 2350 803 2406 necessarium
831 2351 885 2406 sit:
917 2349 1067 2424 utriusque
1092 2347 1140 2406 rei

150 2447 283 2498 caussam
294 2457 332 2498 ex
344 2440 460 2497 diversa
468 2443 571 2514 poetae
583 2433 680 2496 aetate
700 2439 889 2513 repetendam
908 2457 979 2498 esse.
991 2441 1018 2498 is
1037 2431 1141 2515 opinor
1197 2448 1206 2454 ”
1294 2448 1296 2454 ’

149 2531 306 2607 concedet,
332 2531 382 2604 qui
406 2547 507 2587 verum
531 2531 701 2605 impulsum,
727 2545 783 2603 quo
803 2529 914 2588 adhoc
933 2531 1030 2604 poesis
1049 2543 1141 2601 genus

151 2621 255 2679 ductus
275 2622 329 2696 sit,
349 2621 506 2692 crediderit
524 2635 607 2697 eum,
633 2615 719 2694 quem
738 2637 827 2694 supra
846 2620 1014 2692 significavi.
1052 2621 1142 2680 Nom·

152 2727 209 2785 que
228 2713 261 2768 ut
279 2711 411 2783 mitigate
429 2713 486 2768 istu
504 2712 572 2768 libri
589 2712 627 2768 Π.
648 2712 737 2768 satire
755 2713 841 2786 plane
860 2713 1018 2786 respondet
1036 2713 1140 2785 poetae

151 2802 248 2858 animo
273 2815 413 2875 prospera
430 2804 562 2858 fortunae
580 2803 781 2860 vicissitudine
801 2804 929 2861 emollito
949 2806 979 2860 et
998 2821 1063 2860 cum
1080 2803 1142 2858 vite

152 2894 236 2969 quasi
255 2893 440 2959 reconciliato
460 2889 532 2970 (Set.
543 2892 571 2970 2,
587 2893 613 2952 1.
627 2893 689 2951 etz
706 2898 793 2967 paceo
812 2892 952 2974 cupido)=
971 2895 1014 2952 ite
1028 2875 1140 2970 eedem,
1205 2927 1208 2938 ι

152 2984 231 3060 quod
248 2983 405 3059 perfectior
423 2986 469 3041 est
487 2987 518 3041 et
536 2977 781 3061 pree-stanticr—
799 2987 890 3058 velet
909 2993 1046 3043 versuum
1064 2998 1141 3042 com·
1216 2994 1218 2998 ‘

152 3076 326 3152 positionem
344 3075 508 3151 respexeris
526 3107 565 3120 --
584 3077 731 3150 ingenium
755 3077 854 3152 prodit
876 3077 1005 3150 longiore
1031 3077 1141 3134 exerei-

153 3168 263 3224 tatione
283 3167 391 3224 cultum
407 3170 439 3224 et
458 3167 682 3234 corroboratum.
712 3169 818 3236 ‚Quare
844 3170 890 3226 vel
913 3170 982 3226 inde
1000 3170 1033 3226 in
1051 3168 1142 3226 altero

152 3259 228 3316 libro
243 3261 360 3332 poetam
372 3259 471 3314 aetate
480 3261 692 3331 provectiorem
703 3256 952 3343 perspexeris¹⁸).
990 3259 1142 3318 Accedunt
1182 3309 1185 3315 .
1288 3311 1291 3316 .

154 3350 219 3408 elia.
263 3348 379 3406 Absuut
403 3349 435 3404 in
459 3351 621 3422 posteriore
651 3350 727 3407 libro
757 3352 901 3422 flagitiosa
924 3354 956 3406 et
985 3349 1142 3424 impudico.

153 3439 248 3497 Multa
265 3442 426 3497 mactentur
451 3456 524 3513 quae
550 3441 588 3498 ed
612 3439 825 3514 philosophiam
843 3441 998 3516 pertinent.
1036 3442 1142 3500 Multo·

153 3545 218 3588 rum
242 3531 405 3608 homiuum,
431 3548 503 3606 quoe
527 3532 559 3590 in
583 3532 679 3606 priore
705 3532 866 3612 sugillavit,
891 3530 970 3592 nulla
993 3533 1025 3592 iu
1049 3533 1141 3592 altero

153 3641 351 3652 ι---.-...

154 3689 268 3806 “gp
287 3691 353 3740 Bene
373 3669 420 3743 hec
442 3691 473 3741 de
501 3707 527 3741 re
556 3691 671 3742 disseruit
697 3691 800 3742 Poscor.
827 3693 882 3744 uit'
898 3707 955 3759 pag.
982 3691 1093 3743 LXVIII.
1114 3695 1140 3739 et

171 3769 185 3804 ο
269 3766 292 3806 .'
721 3779 723 3784 .

190 3821 266 3905 Ἷ13)
282 3823 314 3872 ci.
331 3823 432 3874 l’aseov.
448 3824 493 3873 vit.
510 3827 559 3874 not
576 3822 634 3874 177.
651 3823 708 3878 171.
719 3823 776 3878 179.
