2758 4544
457 312 462 324 ’
547 338 588 348 -
631 303 671 369 17
712 309 753 351 -'-·
841 387 843 395 J

153 467 256 532 indua
272 469 305 527 m
323 471 508 528 aroannam
526 467 595 524 anm
613 485 641 525 u.
662 485 686 524 a
706 467 761 524 712
775 463 831 550 ι·).
850 500 888 515 -
931 469 989 529 sce
1013 471 1148 532 canuntur
1227 441 1228 446 ‘

152 563 203 637 qui
221 564 301 620 recta
319 562 368 618 via
379 576 453 634 eum
470 561 593 618 Romam
610 559 758 624 revenisse
773 559 912 630 judicant.
947 547 1039 622 Iu'rmo
1056 565 1147 623 tritis·

152 653 227 710 suno
244 653 349 710 itinere
369 651 545 710 Brundisino
559 645 606 732 θ)
625 645 693 724 euru
710 667 795 708 nsum
813 642 937 725 primum
956 656 987 712 in
997 658 1148 730 paternam

152 744 253 802 sedem
271 745 474 815 commigrasse
494 759 530 801 eo
547 741 640 812 magis
660 739 788 799 adducor
806 745 838 799 ut
855 744 987 823 credam,
1017 751 1075 822 quo
1093 749 1148 805 mi-

151 851 207 892 nus
232 836 421 910 intelligitur,
446 851 498 891 cur
527 833 559 891 in
583 849 726 890 summam
750 833 879 904 dejectus
902 836 1146 910 iuopiam'desti·
1251 840 1253 848 ’

151 928 290 1001 tutusque
324 925 485 984 fautoribus
519 926 641 1006 Romam
670 923 791 996 elegerit
821 925 1013 1004 domicilium,
1050 943 1145 1002 neque

149 1017 309 1076 Venusiam
327 1016 447 1094 abierit,
473 1016 524 1074 nbi
548 1017 580 1073 in
604 1015 697 1090 patris
716 1015 809 1086 agello
827 1017 937 1080 victum
955 1017 1013 1075 sibi
1031 1035 1146 1093 compa·

149 1125 217 1166 rare
235 1107 337 1183 {potuit
366 1107 527 1168 certiorem
543 1107 647 1165 saltem
672 1094 759 1182 quam
779 1107 857 1166 alibi.
903 1107 961 1166 Sed
986 1107 1038 1167 ubi
1056 1107 1146 1166 fundo

150 1202 272 1274 paterno
295 1199 442 1274 privatum
466 1199 498 1256 se
522 1194 673 1280 sidiam),
698 1197 890 1272 propriaeque
909 1190 1021 1258 telluris
1038 1215 1146 1260 novum

150 1290 369 1372 incolam„non
386 1293 510 1368 patrem,
529 1289 667 1367 offendit,
688 1306 754 1370 eum
771 1289 930 1350 verisimile
951 1295 997 1350 est
1172 1296 1174 1300 ’

260 1383 376 1448 Decisis
396 1383 534 1449 humilem
552 1381 657 1458 pennis
675 1381 849 1458 inopemque
868 1383 983 1458 paterni

260 1475 301 1534 Et
317 1473 390 1550 laris
407 1477 438 1532 et
455 1475 538 1532 rmdi

149 1563 272 1638 Romam
301 1567 462 1638 proiectum
494 1581 575 1642 esse,
612 1565 656 1624 ibi
687 1569 720 1622 ut
750 1567 908 1642 praeclaris
940 1567 1063 1634 naturae
1093 1565 1144 1624 do·
1197 1595 1202 1603 »

150 1656 230 1713 tibus
255 1656 365 1713 vietum
389 1658 558 1732 quaereret,
588 1661 618 1712 et
642 1656 674 1714 in
698 1658 877 1716 eruditorum
900 1659 1144 1716 hominum²cen·

105 1748 108 1758 '
150 1748 241 1804 tortio
267 1747 384 1820 iniquae
413 1746 500 1803 sortis
530 1747 673 1806 solatium.
723 1749 799 1804 Tum
831 1749 920 1820 igitur
937 1781 976 1794 --
994 1749 1144 1806 audiamus

148 1837 247 1912 ipsum
264 1853 388 1893 -eum
408 1839 633 1912 „paupertas
658 1837 809 1911 impulit
837 1827 1040 1915 audax,‘ut
1067 1855 1145 1895 ver·
1222 1823 1225 1830 ¹

150 1945 214 1986 sus
238 1925 414 2004 sa·ccret“
459 1929 523 1995 Quo
549 1927 619 2000 quid
645 1927 865 2006 significaverit,
892 1946 927 1986 eo
951 1929 1044 2000 magis
1070 1944 1144 1998 ore

149 2021 206 2083 erit
223 2019 311 2095 paulo
329 2019 491 2076 accuratius
511 2035 667 2096 exponere,
688 2023 795 2094 quanto
809 2021 919 2077 firmius
939 2021 982 2080 ita'
999 2023 1060 2078 fore
1079 2021 1144 2076 fun-
1215 2078 1220 2091 Ι

149 2111 316 2169 clamantum
341 2112 500 2198 spero„in
524 2126 581 2186 quo
600 2112 665 2186 ipsa
684 2111 849 2187 disquisitio
875 2113 1000 2190 uitetur,
1027 2127 1142 2188 quoque

148 2204 259 2262 facilior
278 2202 399 2260 adeam
418 2203 468 2258 fiet
486 2203 638 2261 transitus.
1090 2207 1091 2212 ’

221 2293 340 2354 Nemini
358 2309 485 2366 uuquam
504 2293 624 2352 dubium
648 2295 703 2353 suit
728 2289 797 2370 quin
815 2291 951 2354 Horatius
970 2295 1002 2352 in
1020 2294 1144 2369 epistola

147 2386 186 2444 ad
213 2385 313 2444 Julum
336 2385 458 2454 „Florum
486 2401 571 2443 suum
598 2359 683 2442 datiam
689 2387 888 2458 indignantem
907 2389 1142 2468 querentemque,
1220 2417 1224 2426 ·

147 2478 226 2553 quod
244 2493 301 2534 nec
320 2475 443 2549 epistola
452 2491 547 2549 neque
558 2479 728 2550 exspectata
740 2478 867 2534 carmina
879 2495 897 2533 a
908 2477 1040 2536 mendaci
1055 2479 1143 2549 poeta
1175 2531 1177 2536 ,

16 2621 19 2644 ‚
103 2553 105 2559 '
146 2570 238 2625 missa
256 2568 325 2642 sint,
345 2566 559 2624 narratiuncula
577 2567 628 2625 illa
648 2567 683 2623 de
697 2567 809 2624 Luculli
825 2567 915 2624 milite
929 2582 987 2624 av.
1001 2565 1141 2622 26-40.

68 2702 71 2719 .
148 2657 281 2733 oxiribita
310 2673 393 2712 suam
420 2658 512 2730 ipsius
538 2657 705 2735 historiam,
736 2659 822 2714 sortis
851 2657 946 2734 vices,
976 2655 1078 2729 hisque
1104 2655 1142 2712 ad

146 2747 252 2825 poesin
280 2745 468 2818 factitandum
495 2750 678 2821 procreatum
705 2747 923 2806 incitamentum
950 2751 1087 2822 tanquam
1110 2746 1142 2802 in

215 2981 261 3046 le)
279 2981 316 3030 01.
334 2980 417 3030 Neris.
435 2981 568 3050 cenotaph,
586 2981 669 3030 Pisan.
687 2981 784 3030 dissert.
801 2982 831 3030 ΙΙ.
848 2996 873 3044 p.
890 2980 939 3032 133
963 2997 1014 3046 sq,
1037 2981 1142 3030 Massam

148 3048 193 3098 vit.
210 3064 234 3112 p.
252 3048 307 3108 tu,
328 3047 418 3097 Wciclr.
435 3064 459 3113 p.
477 3050 520 3098 rol.
537 3065 561 3112 p.
579 3047 637 3100 loe.
655 3049 685 3098 de
702 3047 759 3098 Vur.
778 3052 803 3096 ct
820 3049 889 3096 Cass.
905 3065 929 3110 p.
947 3050 988 3098 te.
1013 3091 1014 3094 ,
1113 3077 1118 3088 -

217 3113 263 3178 19)
279 3115 335 3162 Non
352 3115 485 3165 audiendus
502 3115 595 3175 Schot,
618 3115 658 3178 qui
676 3129 706 3164 ex
723 3117 811 3164 itincre
828 3116 851 3163 ei
868 3115 934 3162 istud
950 3115 1081 3178 periculum
1097 3127 1141 3162 ae-

149 3180 239 3230 eidisae
255 3181 338 3238 tradit,
356 3182 419 3244 quod
431 3186 598 3230 commemorat
610 3182 648 3229 od.
667 3183 691 3241 3,
708 3182 733 3231 1.
750 3182 799 3241 26,
817 3196 863 3244 quo
880 3182 912 3228 ad
929 3182 1066 3230 Palinurum
1082 3193 1141 3242 pro-

148 3248 291 3298 montorium
313 3248 389 3298 vitam
416 3263 495 3312 paene
517 3249 643 3310 naufragio
667 3249 783 3296 amiserit.
812 3263 836 3298 v.
859 3248 933 3296 Mass.
957 3263 981 3311 p.
1005 3248 1045 3296 58.
1072 3247 1141 3293 Pasa.

16 3275 40 3336 :¹⁹
147 3318 198 3364 not.
215 3313 256 3362 97.

215 3380 260 3444 50)
276 3379 466 3442 Proscriptione,
483 3380 546 3442 quod
562 3379 644 3441 procul
662 3378 733 3426 dubio
751 3383 817 3426 recte
833 3384 915 3427 monet
926 3379 1004 3426 Schol.
1022 3376 1054 3424 ad
1071 3376 1141 3438 epist.

149 3448 173 3507 2,
190 3448 214 3498 2·
231 3446 272 3496 le.
304 3446 449 3508 „Significat
465 3452 499 3496 re'
508 3447 669 3509 proscriptum
686 3445 784 3493 fairra?
801 3445 885 3508 Inepte
904 3446 965 3494 enim
981 3444 1096 3492 Horatius
1113 3457 1141 3490 re
1208 3477 1212 3509 ,

147 3513 243 3577 inopem
259 3515 355 3576 paterni
371 3514 429 3562 laris
447 3517 471 3561 et
488 3513 554 3562 turdi
572 3527 627 3560 csse
644 3515 742 3573 questus
761 3516 839 3571 esset,
856 3513 878 3560 si
894 3512 1006 3560 venditus
1023 3511 1109 3558 tuimet
1126 3523 1141 3558 a
1233 3533 1235 3541 s

36 3580 49 3590 “
147 3584 218 3643 patre
239 3580 343 3650 agellus,
368 3595 421 3628 cum
442 3593 542 3642 puerum
558 3579 658 3628 Romam
681 3579 836 3627 comitaretur
864 3577 916 3638 (Ita
932 3578 1062 3640 Messon).
1089 3575 1140 3625 Vc-

148 3647 220 3693 nuria
236 3650 316 3695 autern
332 3648 356 3694 in
374 3646 508 3694 octodecim
525 3646 572 3694 illis
589 3645 731 3692 civitatium
749 3648 813 3704 erat,
832 3657 931 3707 quarum
948 3645 1001 3706 agri
1017 3643 1141 3692 veteranis

148 3723 166 3758 a
181 3711 312 3760 triumviris
329 3717 433 3762 excunte
449 3727 512 3762 anno
529 3727 553 3760 u.
571 3727 592 3760 c.
610 3711 667 3762 711.
683 3713 883 3773 assignabantur,
905 3715 935 3758 ut
956 3711 1046 3759 diserta
1061 3711 1141 3756 testa-

18 3764 55 3788 ’“
103 3769 106 3778 ’
149 3779 191 3825 tur
216 3774 317 3838 Appian.
340 3779 395 3827 bell.
419 3781 465 3828 civ.
488 3779 519 3838 1,
543 3781 566 3827 a.
606 3777 644 3825 Cf.
675 3779 715 3839 qui
741 3779 805 3826 idem
832 3779 970 3825 statuerunt
997 3775 1139 3832 Ommcran,

149 3841 275 3893 Kirchner.
292 3848 384 3906 quaest.
400 3859 425 3908 p.
443 3845 483 3896 titi.
500 3843 524 3908 §.
542 3844 596 3905 18.,
613 3844 717 3894 Pasaov.
734 3845 779 3893 vit.
794 3859 819 3907 p.
837 3835 963 3892 xxxin.
980 3844 1030 3890 not.
1048 3839 1106 3890 102.

940 3923 959 3978 2

325 3973 329 4002 t
