2790 4566
611 221 815 288 ⁵2-ae-

220 343 327 462 tuisse,
355 375 437 460 quae
456 387 488 442 in
516 385 643 458 syllogen
658 385 953 459 'nonreciperentur
979 417 1017 430 -
1042 387 1081 446 id
1103 390 1206 448 saltem¹

221 476 385 553 evincitur,
404 476 520 534 satiram
538 477 572 534 l.
596 490 778 552 nequaquam
801 476 945 550 primitiis¹
961 481 1206 538 annumerandam

219 557 292 624 esse.
331 567 432 627 Altera
450 584 487 624 ex
505 569 587 641 parte
606 567 668 639 ejus
687 571 767 626 ortus
785 583 844 649 non
861 567 947 624 nirnis
961 567 1121 640 disjunctus
1141 587 1206 628 esse
1288 613 1291 622 ,

218 659 314 730 potuit
338 676 356 715 a
379 655 626 735 praecedentium,
659 661 727 734 quia
751 647 853 735 poeta,
879 662 1018 732 quantum
1037 661 1205 732 'conjectare

218 750 314 826 licet,
327 748 364 806 ab
389 750 547 807 Octaviano
572 750 666 808 alieno
692 751 786 808 adbuc
810 751 906 808 animo
930 751 993 807 luit
1031 752 1156 809 Nam'ut
1174 752 1206 808 in

219 840 247 896 2.
267 843 297 896 et
314 841 341 897 3.
360 841 393 907 in
412 835 600 899 Caesarianos
619 842 779 900 invehitur:
804 842 847 898 ita
865 841 969 898 acerba
988 859 1054 900 cum
1071 831 1204 900 irrisione
1224 879 1227 890 i

219 948 246 987 v.
266 931 311 988 94.
327 929 412 1003 hujus
427 933 533 990 satirae
550 934 659 992 Petillia·
680 933 839 1006 cupitorum·
856 932 997 1010 meminit,
1017 949 1104 1008 quem
1117 934 1203 992 Oete·
1275 961 1276 966 ¹

219 1022 298 1078 viani
329 1023 457 1106 amicitia
488 1027 517 1080 et
536 1025 645 1082 *lavore
670 1025 802 1081 finctum
817 1024 907 1080 fuisse
932 1026 1086 1105 testmrtum
1100 1024 1203 1082 Seholl.

219 1114 361 1172 Coronam
379 1116 460 1172 Jovis
481 1115 636 1188 Capitolini
655 1121 773 1172 auream
784 1117 895 1172 furatus
913 1104 991 1192 erat,
1002 1115 1063 1174 'sed
1081 1115 1113 1172 in
1125 1115 1204 1185 judi-

219 1205 295 1262 cium
313 1199 433 1263 vocatus
453 1205 633 1277 aJ'udieibus
652 1206 684 1262 in
703 1207 834 1264 Caesaris
854 1206 975 1278 gratiam
994 1206 1140 1263 absolutus
1159 1208 1205 1263 est

218 1291 277 1372 (css
288 1297 419 1354 Lambin.
439 1301 469 1354 et
487 1298 644 1355 Weiehert.
664 1301 741 1372 poet.
760 1298 812 1354 rel.
832 1303 866 1373 p.'
882 1292 972 1377 ltu).
1009 1297 1098 1370 Atqui
1117 1297 1203 1354 Octa·

217 1387 304 1444 viano
328 1389 466 1446 Horatius
496 1389 571 1446 bene
603 1406 708 1464 cupere
733 1389 830 1463 coepit
852 1405 906 1463 per
930 1404 1020 1446 annos
1044 1405 1072 1446 u.
1098 1405 1121 1444 e.
1148 1384 1203 1460 118
1245 1457 1266 1465 ᾗ
1295 1453 1296 1456 ¹

217 1480 324 1554 -72c
346 1475 397 1561 (cl.
416 1496 444 1554 p.
458 1475 530 1560 28.).
569 1481 647 1551 Ergo
666 1480 784 1536 satiram
796 1481 863 1536 ante
882 1479 914 1536 id
931 1481 1044 1552 tempus
1063 1464 1243 1538 edelstani

217 1565 307 1626 luisse
325 1571 475 1644 probabile
493 1572 533 1626 fit.
571 1571 639 1628 Non
657 1571 912 1646 commemorabo,
929 1571 1050 1628 eandem
1075 1571 1204 1627 maturae

217 1664 321 1736 poetae
340 1662 429 1718 aetati
448 1663 602 1735 propterea
621 1661 840 1720 adscribendam
859 1677 940 1736 esse,
958 1661 1036 1734 quod
1053 1661 1079 1718 is
1099 1660 1206 1734 scripta

218 1769 271 1811 sua
297 1747 425 1823 nondum
449 1752 540 1808 voluit
564 1753 673 1825 publici
694 1753 769 1824 juris
793 1755 888 1810 iacere
907 1744 956 1830 (v.
976 1746 1062 1832 71.);
1088 1752 1205 1808 afferam
1247 1771 1251 1779 ·

216 1845 314 1918 potius
344 1844 503 1902 disertiora.
550 1843 666 1918 Nequit.
685 1844 774 1900 satira
802 1846 866 1900 orta
879 1858 956 1898 esse
986 1845 1053 1915 post
1077 1859 1104 1900 a.
1129 1843 1204 1918 716,

115 1968 117 1974 s
217 1949 276 2008 quo
306 1935 491 1993 recitationes
529 1933 662 2008 publicae
694 1935 731 1990 ab
761 1933 865 1990 Asinio
895 1931 1024 1989 Pollione
1054 1932 1204 1991 institutae

219 2021 342 2106 runt⁶).
386 2027 447 2082 llas
478 2013 555 2082 enim
578 2023 707 2082 nondum
732 2022 862 2080 conditas
887 2024 917 2078 et
941 2020 1088 2080 ordinatas
1113 2023 1203 2080 fuisse

217 2117 423 2191 intelligiture
441 2133 483 2173 vr.
504 2117 541 2173 14
560 2132 619 2190 sq.:
871 2123 873 2128 ’

396 2211 399 2220 ’
709 2209 744 2265 ln
761 2205 857 2270 medio
876 2205 926 2281 qui

365 2303 477 2377 Scripta
491 2306 558 2360 loro
576 2301 714 2377 recitent,
734 2302 801 2356 sunt
819 2297 912 2373 multi,
931 2295 1038 2370 quique
1056 2295 1204 2366 lavantch

366 2395 459 2452 Suave
477 2395 557 2452 locus
577 2393 642 2450 voci
659 2391 777 2448 resonat
798 2389 957 2446 conclusus.
995 2387 1100 2444 lnnnes

364 2486 428 2544 Hoc
442 2486 542 2563 juvat3
561 2484 639 2542 haud
656 2482 728 2540 illud
747 2483 929 2557 quaerentes,
947 2493 1017 2536 num
1029 2477 1092 2534 sine
1104 2492 1202 2552 sensu,
1236 2507 1258 2579 s

335 2587 345 2656 ᾗ
363 2577 506 2651 Tempore
524 2591 595 2632 num
612 2574 719 2632 iaciant
737 2574 840 2630 alieno.

217 2670 274 2731 Vix
291 2669 369 2725 enim
387 2669 469 2724 lanta
487 2683 552 2722 cum
577 2665 790 2740 contemptione
815 2665 892 2722 huno
916 2679 1027 2722 morem
1045 2659 1203 2735 derisisset,

218 2762 250 2818 si
270 2759 407 2819 Pollionis
438 2757 670 2834 commissiones,
703 2772 777 2832 quae
808 2759 839 2813 et
869 2755 1037 2812 oriebantur
1065 2749 1203 2816 laudabili

217 2853 343 2909 auctoris
368 2850 487 2908 consilio
513 2850 542 2905 et
571 2849 714 2906 communi
738 2847 886 2904 hominum
924 2843 1073 2903 doctorum
1100 2840 1203 2913 plausu

218 2942 451 3018 excipiebantur,
472 2939 535 3011 jam
559 2939 749 2997 invaluissent
773 2939 804 2992 et
827 2934 941 3009 publice
967 2931 1050 3004 quasi
1071 2919 1203 2986 ‘sancitae
1241 2916 1275 3000 f
1334 2919 1340 2940 '

216 3033 347 3092 tuissent.
942 3042 946 3050 ’

291 3124 528 3184 Hisrationibus
553 3121 641 3178 fultus
665 3118 697 3175 in
721 3132 786 3174 eam
810 3114 939 3172 adducor
957 3112 1147 3189 sententiam,
1171 3114 1204 3166 ut

129 3277 132 3292 ,
219 3218 336 3276 satiram
355 3217 382 3272 4.
400 3216 520 3274 nonita
542 3215 636 3272 multo
658 3215 727 3284 post
748 3211 867 3268 tertiam
892 3223 921 3266 a.
948 3208 1026 3266 71⁶.
1053 3203 1202 3277 comport-

146 3325 150 3332 ’
216 3319 280 3368 tam
292 3325 356 3368 ease
374 3307 497 3367 dedam
515 3301 609 3384 (Male
629 3303 738 3360 Grotei.
759 3317 788 3374 p.
802 3299 865 3356 161.
879 3298 907 3356 b.
922 3313 987 3356 ann.
1001 3289 1091 3372 lla).
1128 3291 1202 3350 ‘lum

213 3400 331 3464 ,facilem
350 3398 523 3471 explicatum
542 3396 711 3453 habentus.
731 3392 766 3448 21
787 3407 847 3464 sps

218 3521 417 3537 *nn——

284 3571 314 3633 6)
330 3585 354 3618 v.
370 3567 443 3618 naor.
459 3568 516 3616 bist.
533 3569 569 3615 lit.
586 3567 656 3614 Rom.
673 3581 697 3628 p.
715 3565 755 3614 37.
772 3565 822 3610 uot.
839 3561 864 3610 o.
880 3537 1041 3621 llernbardy,¹
1058 3556 1114 3604 bist.
1131 3555 1201 3608 Rom,

219 3642 256 3692 lit.
282 3651 306 3702 p.
330 3635 390 3688 105.
416 3636 465 3683 not.
489 3631 547 3682 19⁰.
572 3630 714 3679 Tborbeclre
741 3628 772 3676 de
795 3627 863 3676 Asin.
892 3625 953 3674 Poll.
978 3639 1003 3687 p.
1028 3621 1068 3702 12.
1094 3625 1120 3670 et
1144 3621 1191 3671 106

219 3708 257 3759 Ε.
268 3705 324 3755 Chr.
341 3701 373 3751 G.
389 3699 491 3757 Weber,
509 3699 634 3747 comment.
657 3695 689 3743 de
710 3697 787 3758 poett.
809 3693 878 3744 Rom.
902 3692 998 3742 recitat.
1019 3689 1109 3740 Vmor.
1125 3687 1193 3740 lats

221 3775 245 3827 4.
262 3789 286 3840 p.
303 3771 319 3827 l
335 3785 371 3836 sq.
403 3767 504 3817 Pauor.
521 3764 564 3816 uit.
582 3766 632 3814 uot.
650 3761 707 3814 137.
723 3777 747 3826 p.
764 3760 804 3811 ts.
