2758 4544
432 227 850 324 ..uz-¹

137 500 141 506 .
160 443 226 486 mm
243 425 370 502 primuni
387 425 518 482 coniecta
535 426 568 482 et
586 427 667 482 editu
685 425 792 499 misse,
817 437 876 482 non
901 424 1074 496 coniecturis
1098 424 1152 508 sed

161 521 240 596 certo
264 519 369 592 poetae
394 515 561 572 testimonio
584 515 725 590 probatur
748 515 780 570 in
805 515 889 597 epist
916 515 948 591 1,
975 515 1019 572 19.
1039 514 1076 572 32
1095 531 1151 593 sq,

161 609 227 666 ubi:
261 593 376 684 {fluor
399 605 492 681 eqo,“
515 606 610 680 inquit
627 638 667 650 -
683 605 831 664 discerem
854 606 1013 679 respiciens
1037 601 1149 684 (Bentl.

160 698 247 756 adh.
265 693 320 780 t),
339 699 386 755 vel
404 700 439 754 nt
455 697 623 764 Weicherto
642 697 680 754 de
696 696 785 770 epist
805 695 877 769 proi.
897 695 920 754 1.
939 713 968 771 p.
990 686 1038 756 11.
1054 701 1085 756 11
1105 698 1149 756 15.

160 789 266 866 litaret,
285 788 433 848 Alcaeum
451 791 482 845 et
498 789 620 862 Sappho
638 787 723 844 simul
740 821 779 832 -

303 880 509 957 „Huncepm
528 895 588 936 non
605 878 664 936 aiio
683 878 793 938 dictum
810 878 892 952 prius
911 894 982 954 ore,
1000 879 1131 936 narnus

311 971 441 1044 Vulpuei
456 967 585 1042 ridicae
599 969 685 1040 juvat
703 969 904 1028 immemorata
921 971 1064 1027 serentem

306 1059 444 1132 Ingenuis
462 1043 611 1136 ocilisque
629 1061 688 1133 legi
706 1060 897 1136 manibusque
916 1061 1019 1120 teneri.

303 1151 386 1208 Scire
405 1152 494 1228 velis,
518 1167 585 1219 mea
603 1168 655 1210 our
672 1151 803 1224 ingratus
828 1153 977 1226 1111111111
989 1146 1035 1229 ¹³)
1060 1151 1150 1208 lector

304 1241 419 1332 [audet
427 1244 562 1316 ametque
572 1242 661 1319 domi,
673 1245 786 1316 premat
795 1243 879 1302 extre
889 1242 979 1300 limen
989 1241 1106 1316 iniquus
1112 1237 1148 1298 'd‘

141 1335 235 1404 *Ergo
254 1333 412 1392 carminum
428 1333 519 1392 libros
538 1334 723 1392 manifestum
741 1336 788 1392 est
806 1349 898 1408 usque
924 1333 962 1391 ad
987 1349 1055 1390 ann.
1083 1333 1146 1389 134.

156 1425 205 1482 vel
222 1424 262 1482 ad
278 1441 422 1484 summum
440 1425 495 1484 hoc
513 1425 578 1500 ipso
598 1428 675 1484 sores
696 1425 784 1485 ‚datos
803 1442 877 1482 esse.
916 1423 1030 1484 Deinde
1055 1424 1150 1498 prima

157 1515 255 1574 statim
274 1515 411 1590 epistola,
440 1530 527 1588 quum
551 1517 638 1574 nullis
663 1516 770 1574 additis
795 1517 972 1588 argumentis
990 1515 1147 1572 Weichcrt.

155 1607 234 1680 poet.
253 1606 304 1663 ret
325 1621 353 1678 p.
374 1604 439 1662 458.
459 1606 501 1670 ad,
516 1623 543 1663 a.
563 1607 627 1662 131.
647 1608 763 1682 retulit3
788 1623 869 1663 mero
895 1624 965 1662 vero
985 1609 1148 1664 commento

155 1698 331 1754 Kirchnerus
350 1698 382 1752 in
400 1699 512 1768 quaest.
535 1691 570 1770 p.
591 1695 739 1754 31111.
760 1696 824 1754 139.
850 1696 898 1754 vel
922 1697 1004 1772 740.;
1034 1711 1087 1766 ego
1116 1701 1149 1754 ut

154 1804 210 1863 pur
226 1791 274 1844 est
292 1787 423 1860 proxime
442 1788 510 1858 post
538 1785 692 1858 epistolem
711 1785 756 1844 20.
782 1785 922 1859 scriptam
941 1786 1057 1856 iudico,
1082 1802 1148 1858 per·

154 1879 258 1953 spicuo
277 1876 449 1934 <loramento
469 1879 520 1934 est
537 1876 691 1936 Horatium
716 1879 796 1953 tum,
825 1893 890 1936 cum
919 1876 1050 1949 epistolis
1078 1877 1148 1934 scri·

57 1949 61 1968 ’
153 1969 259 2028 bondis
277 1984 396 2042 operam
415 1967 513 2043 dabat,
530 1971 649 2040 pridem
666 1961 710 2048 (r.
720 1968 751 2028 ,3.
772 1972 897 2044 acdpuc
915 1962 1001 2049 ludo)
1013 1966 1051 2024 ad
1062 1966 1148 2026 tinem

156 2060 327 2134 perduxisse
355 2059 466 2136 usuca,
495 2074 550 2118 nec
579 2058 617 2116 ad
643 2058 810 2118 istiusmodi
838 2058 957 2118 levioris
985 2059 1147 2130 argumenti

155 2152 281 2210 1111111111
298 2149 498 2224 componenda
514 2158 582 2208 1111
594 2149 751 2224 proclivem
770 2150 893 2224 anplius
912 2152 1069 2236 aptumque
1082 2165 1147 2208 sen·

157 2244 236 2300 sisse.
274 2229 419 2317 Equidem
435 2245 525 2319 certe,
546 2240 687 2316 quidquid
700 2242 851 2316 disputant
869 2242 1055 2319 interpretes,
1072 2232 1146 2300 'non-

156 2335 223 2392 dum
241 2333 320 2392 aliud
335 2335 369 2392 in
387 2336 449 2392 tota
466 2334 522 2392 hac
541 2333 665 2407 epistola
684 2337 870 2394 dedicatoria
887 2363 927 2380 -·
945 2350 1019 2408 quee
1039 2335 1145 2408 „cllo-

99 2419 102 2439 ”
155 2429 233 2484 cretio
250 2416 543 2484 11111111111111111(ί
556 2425 589 2482 in
607 2425 669 2482 cod.
690 2425 815 2496 quodam
826 2424 972 2482 Torrentii
982 2423 1145 2489 rectissime

155 2517 259 2573 dicitur
275 2515 389 2572 -sibi
405 2518 524 2590 poetam
542 2515 669 2572 voluisse
693 2515 725 2574 in
743 2516 871 2572 animum
894 2513 1032 2570 inducere
1050 2513 1144 2588 potui,

154 2623 242 2680 quam
256 2609 293 2662 ut
308 2607 473 2666 Maecenati
488 2608 559 2679 :post
576 2605 726 2676 evulgatos
742 2605 852 2676 lyricos
876 2604 966 2664 libros
985 2601 1145 2660 identidem

152 2714 230 2754 nova
248 2697 376 2756 1111111111
398 2695 507 2756 lusorie
528 2696 673 2766 flagitanti
698 2713 763 2754 sese
792 2698 887 2756 aetate
916 2697 947 2751 et
974 2695 1071 2750 mente
1100 2691 1143 2751 eis
1213 2695 1218 2702 ’
1243 2743 1247 2763 ,

152 2787 314 2846 scribendis
333 2787 473 2859 imparem
491 2786 674 2859 profiteretur
689 2803 764 2862 esse,
783 2786 909 2859 indeque
923 2783 1007 2848 simul
1019 2786 1050 2840 et
1061 2800 1143 2840 caus·

153 2897 215 2940 sam
230 2877 356 2955 peteret,
375 2895 433 2952 qua
452 2877 554 2936 ductus
569 2876 694 2950 abiectis
704 2863 791 2949 nugis
811 2879 841 2934 ot
859 2875 1032 2956 tempestivo
1043 2874 1142 2950 pueris

153 2987 290 3029 concesso
304 2970 378 3030 dudo
396 2961 496 3048 (epist
517 2967 546 3045 2,
565 2969 593 3026 2.
613 2965 695 3049 141.)
786 2961 789 2968 ’
990 2970 995 2988 ‘

356 3076 472 3118 -non
491 3059 581 3120 verbe
600 3061 683 3135 sequi
702 3058 806 3122 fidibus
826 3059 1001 3120 modulanda
1014 3057 1141 3133 Latinis,

301 3152 359 3212 Sed
377 3169 464 3210 verae
478 3167 675 3227 numerosque
694 3151 851 3226 modosque
871 3150 1000 3223 ediscere
1019 3150 1097 3206 vitae

152 3246 254 3321 vellet,
286 3247 317 3300 et
342 3235 573 3320 excusationem,
603 3243 682 3316 quod
705 3243 830 3316 primum
852 3241 956 3302 horum
980 3239 1141 3302 studiommr

217 3537 263 3600 11)
278 3538 394 3602 intedigit
409 3535 487 3600 lyrica
503 3535 617 3586 1111111111.
651 3531 721 3582 Haec
736 3531 799 3582 dixit
822 3545 847 3582 r.
872 3531 913 3583 11.
939 3540 1031 3595 nemus,
1056 3543 1079 3578 v.
1097 3528 1137 3578 11.

120 3654 126 3663 ,
152 3605 257 3666 poetico
269 3599 361 3662 mella.
379 3604 411 3654 ci.
428 3602 452 3662 1,
469 3602 493 3654 1.
510 3602 550 3652 10.
577 3601 654 3662 (nunc
669 3601 751 3662 itaque
768 3602 895 3652 civerim
920 3601 946 3648 et
968 3598 1077 3648 caetera
1097 3597 1137 3645 iu-

153 3671 234 3720 drica
250 3671 333 3732 pono).
350 3672 452 3719 Passov.
469 3670 512 3718 vit.
529 3673 579 3718 not.
596 3668 653 3718 eei.
673 3667 727 3714 Nec
742 3667 791 3714 alia
807 3672 863 3716 sunt
879 3667 1001 3732 ,mquam
1018 3664 1070 3712 oca
1086 3674 1136 3710 oo-

152 3737 269 3785 drmtna“
284 3737 323 3784 vei
340 3737 481 3794 „carmina
496 3748 563 3799 quae
576 3733 679 3798 possint
694 3735 784 3784 oculos
801 3746 927 3800 aramque
942 3731 1050 3793 sacrari
1067 3726 1137 3776 Uar·

58 3831 66 3854 t
153 3804 249 3860 suris‚“
282 3802 353 3852 Vinio
370 3803 465 3852 1111111
480 3801 570 3851 tradita
586 3799 670 3865 (epist
688 3798 713 3859 1,
729 3798 793 3862 ia).
