2782 4558
366 351 369 362 .
637 297 680 316 .-
709 263 775 332 ’ω
803 296 846 312 -
929 245 933 256 Δ

251 430 367 508 44444444,
386 428 465 504 quod
482 427 613 488 biennio·
626 432 694 488 ente
718 404 906 512 reditum'(v.
925 424 988 514 41.)
1012 411 1108 493 laetor
1132 425 1197 495 44444
1214 443 1244 498 cl

252 523 337 584 urbis
352 523 507 595 poblicum
520 523 632 580 ..ludum
648 517 810 597 forumque
827 523 1055 582 4414444444
1072 541 1163 599 super
1179 531 1242 588 sm.

250 621 368 689 pctroto
384 610 474 684 fertis
491 611 621 686 44944444
638 616 738 672 teddo
755 613 915 688 pollicetur.
940 614 1034 672 Nemo
1055 621 1242 691 exspectare-

162 723 165 743 ·
251 709 314 782 rat,
332 706 496 775 Augustum
514 720 568 777 per
591 708 651 761 tam
674 704 792 775 longum
815 704 953 778 temporis
979 706 1109 786 spatium
1128 707 1242 768 414444444-

252 813 317 854 rum
335 811 409 852 esse.
449 796 571 853 carmen
588 794 674 866 hujus
692 795 760 851 libri
778 795 805 851 5.
825 795 986 852 certissimo
998 796 1171 856 documento
1186 803 1242 877 est,

253 889 398 946 Romanos
416 900 476 942 non
493 885 536 942 itu
556 885 647 943 multo
666 889 733 960 post
755 883 828 942 illud
852 889 981 964 tempus,
1006 902 1064 962 quo
1089 890 1242 962 Sygambri

136 971 138 974 ’
253 995 354 1054 pacem
372 979 561 1053 aeceperunt,
581 991 634 1051 spe
653 975 689 1034 de
708 976 841 1050 proximo
859 978 984 1049 Augusti
994 979 1091 1037 reditu
1104 984 1242 1055 conceptu

201 1083 203 1091 ⁴
249 1072 406 1128 frustratos
431 1083 506 1124 esse.
530 1101 569 1112 —
610 1069 676 1124 Jem
700 1069 856 1141 antequam
880 1068 975 1126 obiret
998 1084 1052 1143 pro
1075 1071 1153 1128 felici
1178 1072 1241 1142 ejus

254 1161 350 1220 reditu
368 1162 438 1218 vota
462 1160 627 1234 nuncupate
653 1160 736 1214 erant
754 1153 835 1239 (Dio
854 1159 907 1235 54,
928 1151 1012 1240 itt),
1037 1164 1067 1218 et
1091 1163 1152 1218 tum
1176 1178 1242 1220 cum
1320 1175 1323 1203 ¹

252 1251 434 1326 triumphans
452 1249 584 1324 proxime
602 1250 723 1307 Romam
734 1249 880 1306 rediturus
893 1267 958 1307 esse
969 1255 1144 1329 nonoretur,
1162 1253 1241 1310 baud

254 1343 342 1402 dubie
366 1341 464 1412 mugni
487 1339 594 1398 debent
618 1340 656 1398 ed
681 1357 748 1398 eum
778 1340 856 1398 diem
880 1341 1083 1400 celebrandum
1107 1342 1138 1398 iu
1167 1343 1239 1400 urbe

253 1437 424 1509 apparatus,
444 1432 544 1505 quoles
562 1433 623 1488 iere
642 1447 718 1488 anuo
737 1433 801 1489 741.
822 1430 894 1509 (Dio
906 1433 958 1510 54,
977 1430 1057 1514 25.)‚
1076 1448 1133 1508 quo
1152 1433 1240 1492 4444444

252 1526 315 1586 ludi
332 1523 423 1581 votivi
441 1522 511 1580 lacti
529 1524 596 1579 sunt
614 1517 689 1603 (Dio
708 1523 754 1599 54,
773 1518 847 1605 27.).

327 1617 408 1675 11444
431 1613 529 1672 omnio
552 1630 598 1670 me
616 1613 784 1691 impellunt,
808 1618 842 1672 ut
859 1629 945 1673 curm
964 1616 991 1674 2.
1015 1631 1080 1673 cum
1104 1615 1241 1674 Maesone

254 1705 322 1789 (vit.
347 1708 416 1763 Hor.
443 1722 471 1780 p.
495 1705 550 1762 343
576 1721 618 1778 sq.
642 1705 693 1762 vit.
719 1705 803 1763 Ouid.
829 1706 988 1765 Amstelod
1014 1708 1094 1765 171114
1118 1724 1147 1780 p.
1165 1700 1240 1788 92.),

253 1797 393 1873 Ducerio,
412 1795 656 1872 Mitseherlichio,
680 1796 835 1878 Doering.,
859 1799 998 1856 Pussovio
1017 1775 1093 1876 (not
1112 1794 1191 1878 250.)
1210 1800 1240 1854 44

255 1891 365 1948 Grotet‘.
390 1905 419 1962 p.
445 1887 509 1944 476.
535 1903 562 1944 a.
587 1897 664 1944 anno
688 1887 753 1945 738.
773 1893 897 1946 exeunte
916 1891 1049 1950 4444139.
1068 1889 1168 1966 initio,
1188 1887 1241 1946 sed

254 1983 322 2039 unte
341 1981 368 2038 4.
387 1980 414 2036 5.
434 1982 465 2038 44
484 1978 529 2036 14.
549 1978 740 2053 compositum
758 1995 822 2038 esse
845 1979 968 2038 credam

328 2164 510 2222 (tum
527 2165 588 2222 lv·
618 2165 768 2242 „Qualem
785 2164 985 2240 mirtietrom”‚
1009 2165 1128 2237 propter
1152 2161 1240 2239 quod,

253 2262 287 2316 ut
304 2257 345 2315 ait
361 2258 476 2333 Acron,
495 2259 628 2330 quartum
643 2256 750 2314 librum
768 2259 868 2314 contre
886 2255 1105 2329 dispositionem
1122 2253 1242 2311 14414444

208 2399 210 2408 .
253 2348 369 2407 leudem
392 2348 481 2406 Drusi
506 2349 646 2424 Neronis,
671 2351 768 2407 nsedto
790 2344 857 2419 fere
888 2363 971 2406 uoco
998 2348 1075 2429 739.
1102 2345 1242 2419 scriptum

255 2444 315 2517 444,
334 2455 400 2497 cum
418 2439 455 2496 de
473 2439 610 2516 victorie,
629 2441 846 2512 quam'Drusus
871 2437 907 2496 de
931 2437 1089 2497 Vindelicis
1111 2438 1242 2511 reporte-

254 2534 353 2607 verat,
372 2531 483 2604 primos
501 2531 621 2588 nuntius
639 2530 760 2588 Romam
778 2529 910 2604 perlatus.
925 2532 1012 2587 esset.

327 2623 409 2690 Quae
432 2621 509 2680 ratio
536 2625 570 2678 ut
599 2621 685 2679 fldem
714 2620 854 2696 accipiat,
884 2620 1009 2694 primum
1039 2618 1241 2695 exponendum

253 2715 325 2790 4444,
345 2712 416 2786 quid
433 2713 565 2772 1444444444
583 2713 619 2770 (44
638 2711 738 2768 Raetis
756 2711 971 2784 Vindelicisque
989 2729 1008 2768 e
1025 2713 1122 2769 Druso
1144 2714 1177 2768 et
1191 2708 1241 2770 14·

200 2811 202 2814 ’
251 2805 334 2864 berio
353 2803 503 2862 debellatis
521 2803 677 2860 memoriae
695 2802 883 2879 tradiderint,
903 2801 1008 2860 deinde
1027 2802 1240 2876 quidHoretius

251 2898 283 2953 in
301 2911 389 2953 curm.
408 2894 436 2951 4.
454 2898 484 2953 44
503 2895 559 2972 14,
579 2894 703 2967 denique
721 2909 797 2966 quoe
814 2909 912 2950 rerum
929 2896 1076 2951 momente
1098 2892 1166 2950 inde
1190 2890 1241 2947 de-

253 2987 320 3044 duci
344 2985 473 3062 possint,
498 2989 532 3042 ut
556 2985 707 3060 utriusque
731 2983 868 3042 carminis
881 2983 962 3041 ,anni
985 2984 1096 3074 neteles
1119 2979 1240 3039 investi·

253 3079 365 3150 geutur.

249 3183 252 3192 ·
328 3168 354 3226 1.
375 3168 448 3226 (lum
465 3167 555 3240 igitur
572 3167 660 3228 114444
677 3171 709 3224 44
729 3168 887 3244 Vindelici,
911 3166 1106 3226 ferocissimae
1124 3166 1192 3224 illue
1210 3167 1242 3222 ot
1310 3192 1312 3200 ·

252 3257 488 3318 bellicosissimae
508 3263 609 3332 gentes
627 3260 705 3316 inter
722 3259 812 3332 Alpes
830 3263 861 3317 et
878 3261 1060 3335 Danubium,
1079 3256 1241 3316 Helvetium

252 3353 284 3407 et
299 3351 438 3409 Noricum
455 3351 636 3428 habitantes,
656 3367 728 3423 quas
747 3350 805 3408 Dio
825 3351 942 3410 Cassius
959 3351 1025 3408 libr.
1044 3349 1090 3406 54.
1110 3363 1172 3420 cap.
1191 3345 1238 3402 22.

251 3439 289 3496 de
307 3457 387 3498 444444
400 3443 570 3516 posterioris
583 3442 688 3499 aetatis
698 3441 842 3498 communi
859 3445 1024 3501 Raetorum
1041 3437 1156 3496 nomine
1168 3435 1240 3494 iusi·

251 3528 316 3600 unit
348 3526 407 3612 (ct.
431 3532 551 3606 interpr.
576 3533 624 3590 ed.
655 3533 747 3590 Sturs.
772 3533 828 3590 vol
857 3532 904 3590 v1.
933 3549 964 3605 p.
989 3530 1051 3588 145.
1076 3530 1138 3586 not.
1156 3528 1184 3586 6.
1209 3531 1241 3585 44
1367 3551 1368 3554 “

169 3687 174 3702 Ι
250 3618 369 3678 Kimbn.
388 3625 500 3694 quaest.
520 3639 549 3695 p.
568 3624 615 3680 33.
633 3619 723 3703 not),
747 3623 870 3680 Gellium
894 3625 981 3696 etque
998 3619 1112 3679 Italiam
1130 3619 1239 3678 crebris

250 3710 464 3768 incursionibus
482 3711 620 3770 infestare
638 3714 818 3790 coepissent,
835 3727 890 3772 uec
908 3713 1047 3789 praedem
1065 3711 1158 3768 solum
1174 3725 1239 3785 per·
1366 3717 1367 3757 l

251 3802 371 3862 multum
395 3802 538 3883 egissent,
565 3803 618 3863 sed
635 3804 754 3864 immuni
773 3804 862 3864 etium
879 3804 1049 3866 crudelitato
1068 3800 1240 3861 saeviisseut
