2790 4566
612 273 828 352 -152—

225 455 341 530 pretet,
360 435 533 510 neornireri
552 448 624 508 satis
647 463 778 526 nequeo,
803 448 884 526 quod
899 449 1084 516 Buttmann.
1096 451 1129 508 in
1146 449 1214 522 My·

222 545 294 603 thol.
313 543 369 601 vol.
389 543 412 600 l
432 557 462 618 p.
481 543 537 599 343
557 557 599 614 sq.
618 544 779 615 praeeunte
798 541 891 598 Schol.
910 537 1030 600 Acrone
1048 535 1112 620 (ad.
1126 559 1154 600 v.
1169 541 1212 599 l.=

225 653 301 714 „per
324 635 491 705 allegoriam
515 631 572 690 ode
596 633 655 690 ista
677 632 786 690 bellum
809 632 952 704 significat
975 632 1083 710 civilep
1100 633 1133 691 in
1156 648 1215 706 qua

224 726 343 800 quidam
361 724 476 800 volunt,
496 723 574 798 quod
591 727 709 780 mbneat
724 724 940 798 rempublicam.
979 723 1093 781 Gerfius
1116 726 1215 780 temen

105 860 108 870 ,
225 820 286 892 est,
312 815 389 889 quod
413 815 490 873 Sext
516 815 700 892 Pompeium,
724 815 986 892 Pompejiiiliam5
1002 804 1134 891 moneat,
1153 815 1214 890 qui,

224 907 415 982 posteaquam
448 907 551 964 foedus
585 923 650 964 cum
678 907 849 964 triumviris
877 907 961 983 lecit,
991 905 1100 964 bellum
1129 905 1215 962 'civile

224 999 320 1056 denuo
338 1013 474 1072 reparare
492 999 613 1056 voluit.’'
649 998 748 1056 Acron
774 997 812 1054 ad
837 1013 866 1054 v.
893 999 938 1054 il.
953 1000 1092 1056 Portum
1113 1000 1214 1070 patara

225 1105 281 1166 „ac
300 1089 327 1146 si
345 1088 456 1147 diceret
472 1105 594 1162 magnae
613 1089 733 1160 originis
758 1092 789 1145 et
806 1089 983 1165 nobilitatis,
1008 1088 1070 1145 sed⁴
1085 1103 1139 1162 per
1155 1103 1219 1144 me··

225 1180 378 1254 taphoram
396 1183 447 1236 aut
464 1181 673 1254 rempublicam
692 1181 847 1253 alloquitur
864 1183 915 1236 aut
935 1179 1066 1238 Cassiam
1084 1181 1114 1236 et
1131 1179 1217 1262 Pom·

223 1271 337 1348 pejum‚
357 1273 439 1343 cujus
457 1275 542 1346 pater
560 1271 598 1328 de
615 1271 784 1330 Mithridate
794 1272 915 1329 Pontico
926 1263 1140 1350 triumpharit.)
1159 1269 1227 1326 hoc¹

97 1377 100 1388 ¹
190 1361 195 1372 ‘
224 1353 403 1436 poematium
421 1363 463 1420 ad·
476 1365 548 1422 Sere.
568 1363 746 1437 Pompeium
769 1363 876 1422 nedum
900 1361 1051 1437 pmatieum
1073 1361 1216 1418 renotan-

137 1445 139 1450 ’
224 1457 286 1509 tem
302 1453 418 1534 retulit,
442 1469 546 1511 navem
570 1471 624 1529 pro
647 1455 713 1527 ipso
736 1455 874 1529 Pompejo
893 1453 1018 1528 positam
1036 1469 1101 1510 esse
1119 1451 1215 1508 ratus!

225 1543 308 1610 Quae
327 1545 458 1618 opinatio
477 1546 576 1602 arrisit
593 1547 732 1602 Passerio
750 1539 823 1626 (vit
843 1548 904 1602 not.
923 1543 1010 1626 96),
1028 1545 1217 1602 vehementer

226 1637 325 1691 autem
343 1635 492 1710 displicuit
509 1635 669 1694 Kircbuero
688 1634 823 1718 (quaest.
843 1654 872 1711 p.
891 1637 937 1694 22.
958 1633 986 1713 §-
1006 1630 1085 1717 tc).
1123 1635 1217 1692 Multo

225 1725 405 1800 probabilius
436 1727 484 1785 hic
516 1733 547 1786 et
573 1729 690 1802 reliqui*
709 1730 884 1804 interpretes
915 1722 1015 1810 (lani,
1046 1727 1217 1803 Mitsebeab,

224 1817 374 1901 DoeringI,
394 1813 556 1901 vanderb.)
576 1820 661 1878 odam
681 1837 708 1878 a.
721 1820 786 1878 722.
805 1821 853 1878 vel
871 1820 935 1876 723.
955 1823 1049 1877 ortam
1067 1835 1133 1876 esse
1151 1833 1219 1874 eon·

222 1906 370 1986 jecerunt,
390 1927 455 1968 eum
472 1897 642 1969 inimicitiae
659 1913 737 1970 iuter
756 1913 946 1970 Octavianum
965 1915 995 1968 et
1007 1911 1048 1968 Μ.
1061 1909 1219 1968 Antonium

226 2001 342 2056 coortae
360 2002 571 2060 atrocissimum
588 2004 696 2061 bellum
713 2003 929 2077 portenderent.
968 2001 1081 2068 Quibus
1094 2017 1148 2072 ego
1159 2013 1221 2056 non

227 2089 391 2148 dubitarem
409 2094 564 2171 accedere,
589 2095 647 2151 nisi
671 2111 718 2152 me
743 2095 920 2168 magnopere
938 2091 1116 2166 offenderet,
1140 2089 1219 2164 quod

226 2180 367 2238 Horatius
386 2183 509 2242 obseura
528 2186 652 2259 quadam
671 2186 824 2262 allegoria,
849 2200 908 2241 uon
927 2183 1035 2240 diserte
1052 2181 1129 2239 bella
1147 2180 1219 2238 civi·

226 2269 267 2328 lia
285 2270 431 2332 dissuasit.
470 2277 579 2343 Quidni
597 2277 675 2334 enim
692 2277 783 2334 libere
803 2277 933 2334 elocutus
952 2273 1039 2332 fuerit
1057 2273 1136 2346 qaod
1154 2287 1220 2329 sen·

228 2361 282 2438 sit,
302 2366 336 2419 at
353 2366 423 2422 iecit
440 2367 472 2423 in
490 2369 575 2442 epod.
595 2369 622 2426 7.
645 2369 736 2445 „Quae
761 2383 821 2443 quo
839 2369 962 2427 ‘scelesti
984 2365 1091 2424 netem
1117 2363 1220 2422 eadem

227 2455 323 2511 aetate
343 2455 471 2532 seriptel
507 2460 666 2534 Reputanti
683 2461 803 2533 insuper
821 2459 909 2534 mibi,
933 2457 1044 2516 nullum
1068 2471 1134 2513 esse
1158 2471 1220 2512 ear·

206 2612 210 2618 ³
226 2559 294 2601 men
310 2547 448 2627 lyricum,
468 2551 546 2624 quod
564 2551 716 2608 evidenter
727 2552 844 2609 evincas
855 2553 922 2607 aute
934 2565 1061 2624 pugnam
1072 2547 1220 2606 Actiacam

161 2643 162 2652 ¹
227 2638 335 2695 iactam
359 2657 440 2718 esse,
466 2645 549 2699 extra
573 2657 687 2700 omnem
712 2642 923 2700 dubitationem
946 2641 1076 2716 positum
1093 2638 1219 2713 videtur,

228 2730 259 2784 et
283 2729 421 2802 singulari
447 2731 496 2814 de¹
509 2749 611 2790 caussa
635 2735 789 2792 Horatium
811 2733 1059 2805 allegoriausum
1083 2747 1164 2805 esse,
1189 2731 1220 2785 et

227 2819 286 2876 alia
304 2824 433 2895 eclogem
452 2826 604 2883 occasione
623 2829 711 2900 atque
729 2827 816 2897 vulgo
840 2827 959 2900 putetur
984 2826 1014 2880 et
1033 2821 1150 2896 quidem
1167 2819 1221 2878 ali·v

228 2916 337 2983 quanto
355 2916 517 2988 posteriore
536 2920 667 2989 tempore
686 2918 824 2990 scriptam
837 2933 911 2973 esse.
949 2915 1105 2972 Pateseunt
1122 2913 1219 2968 autem

101 3069 104 3076 Ι
228 3003 326 3058 omnia
343 3006 375 3059 et
393 3005 552 3062 clarissima
565 3006 763 3063 'obtruduntur
779 3007 861 3082 luce,
887 3009 913 3063 si
937 3006 1117 3078 ingeniosam
1142 3003 1218 3060 Tor-

227 3093 316 3149 reatu·
333 3093 528 3165 conjecturam
547 3088 658 3175 (etiam
675 3095 814 3154 Messene
831 3098 884 3153 vit.
904 3099 974 3156 Hor.
994 3114 1022 3172 p.
1041 3096 1106 3173 66,
1132 3095 1220 3152 Sana·
1274 3159 1278 3175 .

121 3220 128 3226 -
229 3181 306 3239 dono
325 3186 356 3240 et
375 3185 542 3242 Grotelend.
561 3203 591 3262 p.
612 3187 676 3244 466.
696 3187 726 3245 b.
746 3183 915 3271 probatam)
935 3188 1081 3263 sequaris,
1107 3201 1145 3244 ex
1163 3201 1221 3260 qua
1305 3196 1308 3206 ·

228 3289 346 3333 carmen
364 3275 402 3333 ad
420 3276 452 3334 id
469 3280 584 3352 tempus
603 3281 743 3355 refertur,
763 3296 821 3354 quo
832 3283 981 3352 Augustus
1000 3279 1037 3336 de
1055 3277 1219 3352 principatu

229 3365 401 3440 deponendo
420 3369 601 3427 deliberabat
618 3367 753 3450 (Sueten.
766 3373 841 3444 Aug.
855 3366 927 3452 28.).
964 3370 1138 3427 Persuasum
1156 3367 1219 3422 erat

14 3453 18 3460 “
103 3457 110 3467 “
228 3455 366 3534 Horatio,
390 3476 473 3518 nora
491 3463 567 3520 mala
591 3465 622 3518 et
646 3463 724 3520 bella
748 3463 845 3520 civilia
861 3461 1011 3519 imminere
1029 3455 1218 3532 reipublicae,

230 3544 256 3600 si
274 3548 387 3617 potenti
398 3551 529 3624 principe
540 3552 709 3630 orbaretur3
728 3556 848 3610 noverat
865 3554 1072 3610 Maecenatem
1089 3549 1123 3605 in
1141 3561 1219 3606 cro-

227 3638 324 3712 ttonc,
342 3653 437 3712 pram
453 3641 620 3720 detularat,
644 3651 680 3702 ret
703 3643 874 3717 Auproetatm
898 3645 941 3699 ad
963 3641 1126 3713 taipertum
1142 3641 1218 3698 rett-

133 3721 136 3730 “
228 3731 366 3788 mom
377 3730 597 3810 emensae,
614 3735 830 3808 rempublicam
841 3736 1117 3810 cooperatorum
1134 3732 1218 3790 aaut.
1258 3770 1273 3797 0

229 3819 310 3888 Quid
326 3815 459 3884 'mimi
481 3823 509 3882 si
533 3824 652 3900 etipse
676 3824 850 3885 smteutiam
873 3839 972 3905 mam,
1000 3837 1076 3900 quae
1100 3821 1217 3899 penitus
1257 3813 1273 3860 ¹·
