2782 4558
279 409 366 471 quen
393 399 427 456 ut
453 371 587 456 00000
613 405 728 468 meare
756 409 874 460 00000
900 405 967 454 sem
992 393 1274 472 aupisameeen

277 487 612 560 eoguetiouem'hebere
636 488 667 544 et
691 487 718 546 si
740 501 801 546 nou
824 487 890 562 ipso
914 503 940 546 0.
961 486 1025 546 740.
1050 490 1130 548 terte
1153 503 1213 548 nou
1229 489 1275 548 ita

280 581 374 640 mutto
396 583 464 654 post
488 577 679 654 compositum
703 594 769 638 0000
793 578 998 651 0001001000οε.
1035 579 1101 647 Qua
1127 579 1160 638 in
1181 595 1215 638 re
1234 596 1275 650 ep

279 672 375 732 minue
399 669 559 728 verendum
581 669 788 747 solabamur,
813 669 841 728 si
863 686 966 728 vermo
989 673 1035 728 001
1058 671 1137 746 quod
1155 671 1272 730 Sueten.

195 840 201 846 κ
279 762 378 836 tradit,
395 761 630 820 librumodorum
647 762 675 820 4.
693 765 813 836 propter
829 760 877 820 od.
895 761 925 820 4.
945 763 975 818 01
993 761 1038 821 14.
1046 762 1172 834 Augusti
1186 761 1273 834 jussu

278 853 424 928 prioribus
442 853 576 912 additum
587 869 660 912 esse.
692 853 750 920 Qui
768 852 857 925 igitur
875 854 983 912 1001000
993 853 1091 931 fuerit,
1109 856 1152 930 ut,
1172 846 1273 930 quam·

279 961 366 1019 quam
384 944 435 1002 iila
448 943 510 1015 jum
530 961 606 1004 uuno
624 945 689 1003 740.
715 944 824 1025 scripta
847 948 945 1021 erant,
964 947 1063 1003 tumen
1081 945 1272 1019 quadriennio

279 1036 396 1094 demum
407 1038 474 1110 post
492 1035 569 1094 liber
588 1037 736 1094 eonfeotue
755 1039 786 1094 et
802 1035 992 1110 pervulgatus
1008 1031 1069 1094 siti
1087 1036 1146 1104 Qui
1163 1037 1272 1094 1001010

278 1128 376 1205 inerit,
396 1130 439 1206 ut,
458 1144 524 1185 oum
535 1128 676 1202 pleraque
690 1127 752 1199 jam
770 1144 799 1188 0.
814 1128 879 1184 740.
899 1129 1060 1202 eomposita
1072 1131 1182 1205 essent,
1200 1143 1271 1202 qua·

278 1219 411 1278 drieunio
423 1220 539 1278 demum
549 1222 617 1294 post
627 1219 760 1278 ultimum
769 1216 987 1278 exeratumsiti
1004 1219 1137 1278 Proiecto
1145 1219 1193 1278 001
1201 1217 1270 1276 inde

277 1313 324 1368 est
348 1311 425 1386 quod
444 1311 596 1402 ‘vulgarem
620 1311 764 1370 rationem
788 1309 877 1385 quam
901 1312 1029 1370 maxime
1050 1309 1270 1385 improbabilem

279 1419 343 1460 esse
363 1402 451 1461 dieas.

351 1493 379 1551 2
398 1495 460 1554 Nee
478 1493 619 1552 obscurus
636 1493 686 1554 ille
705 1510 818 1571 seusus,
837 1509 904 1568 000
919 1495 949 1552 10
968 1493 1036 1554 duoi
1053 1509 1157 1568 passus
1176 1511 1219 1570 es,
1237 1493 1269 1552 in

217 1655 218 1660 η
277 1583 435 1644 1000010010
453 1584 577 1658 induxit,
606 1585 682 1644 Nam
700 1585 726 1644 si
744 1585 817 1660 ipsis
829 1585 970 1661 temporis
988 1584 1104 1644 indiciis
1116 1585 1268 1661 institeris,

250 1675 386 1770 Ι0011000
408 1677 655 1754 1000010000οᾱ
678 1693 795 1738 carmen
817 1679 886 1752 post
910 1692 1017 1736 aunum
1041 1676 1269 1752 7410001010οι

277 1784 343 1826 esse
360 1767 473 1843 probet.
885 1835 893 1845 ,
946 1809 950 1818 .

312 1860 410 1918 Debet
427 1859 517 1931 igitur
535 1860 674 1936 seriptum
692 1877 758 1920 esse
776 1877 835 1920 non
854 1863 947 1920 solum
1270 1921 1272 1926 .

350 1947 384 2032 0)
401 1959 470 2025 poet
492 1968 523 2010 0.
550 1952 628 2010 704.
655 1952 693 2010 ob
718 1971 747 2010 v.
766 1954 793 2014 0.
820 1955 881 2030 „Et
906 1955 992 2025 signe
1014 1955 1115 2010 nostro
1139 1950 1267 2010 restituit

273 2041 352 2120 Jovi,
369 2045 500 2117 Dempta
517 2043 688 2102 Parthorum
707 2045 840 2118 superbis
858 2045 1012 2104 Postibus''
1032 2044 1085 2102 sed
1104 2043 1194 2102 etiam

348 2135 382 2210 b)
398 2142 468 2206 post
485 2151 514 2191 0.
536 2137 625 2212 105,
643 2151 701 2209 quo
714 2135 862 2194 decretum
871 2139 928 2212 est,
946 2139 979 2192 ut
995 2135 1122 2205 legesab
1133 2135 1267 2206 Augusto

273 2226 352 2284 latae
368 2223 580 2300 Augustorum
597 2226 715 2284 nomine
732 2227 943 2298 insignirentur
960 2225 1032 2300 (Dio
1051 2226 1098 2302 54,
1110 2221 1180 2304 10),
1198 2241 1266 2284 nem

272 2303 306 2376 in
324 2335 358 2376 v:
371 2316 420 2374 22.
439 2321 538 2376 001010
548 2319 638 2376 140110
650 2321 920 2379 commemorantur.

348 2403 381 2490 o)
396 2417 467 2482 post
484 2427 515 2468 0.
535 2413 613 2468 106.
630 2410 669 2468 ob
688 2427 732 2469 vs.
749 2411 826 2485 tisq.
846 2412 898 2488 „et
914 2410 1047 2470 ordinem
1058 2410 1181 2469 Rectum
1199 2424 1265 2468 000·

272 2500 353 2573 ganti
371 2502 453 2560 tiene
470 2502 620 2560 Liuentiee
637 2501 741 2576 Injeoit
759 2504 925 2576 emovitque
949 2505 1064 2579 eulpae,
1089 2503 1128 2559 Et
1151 2502 1266 2557 veteres

271 2592 419 2652 revocavit
436 2594 533 2651 eries”
550 2626 589 2640 -
612 2593 665 2650 ubi
686 2595 768 2665 leges
791 2592 827 2650 de
843 2593 988 2667 pudicitia
1011 2598 1098 2668 atque
1124 2591 1161 2650 de
1179 2591 1264 2659 mari-

272 2683 536 2758 tandistordinibus
555 2685 660 2744 0736.
677 2686 754 2742 10100
773 2685 968 2760 respiciuntur
986 2685 1035 2760 (oi.
1047 2686 1095 2746 od.
1114 2686 1143 2760 4,
1162 2683 1209 2758 5.)

344 2775 380 2851 d)
399 2776 457 2833 nisi
475 2777 572 2835 omniu
589 2777 702 2852 1011001,
721 2778 789 2850 post
806 2776 935 2837 reditum
952 2777 1088 2853 Augusti,
1114 2789 1183 2846 ergo
1203 2777 1265 2834 011-

246 2893 257 2937 ,·
270 2875 385 2942 000010
400 2875 470 2941 poet
483 2872 606 2930 initium
624 2871 700 2926 0001
724 2869 802 2926 041.
846 2868 980 2939 Augusto
1004 2870 1081 2926 enim
1111 2867 1263 2940 praesente
1325 2911 1329 2936 f

272 2960 303 3017 et
318 2975 396 3030 paee
413 2961 546 3018 mobiliter
570 2973 688 3016 carmen
711 2961 862 3014 exaratum
886 2974 952 3014 esse
976 2961 1092 3032 praeter
1115 2973 1159 3016 00.
1184 2955 1263 3027 400,

171 3135 173 3141 y
197 3129 200 3136 Ι
271 3047 404 3130 inprimis
422 3050 547 3124 probant
564 3065 607 3106 va
626 3049 661 3105 17
681 3049 742 3121 sq.'=‘

354 3191 359 3202 .
418 3141 548 3200 Custode
565 3156 664 3198 rerum
683 3141 818 3217 Caesare,
837 3157 897 3198 nou
915 3143 995 3202 furor

419 3233 520 3294 Civilis
539 3235 591 3295 aut
608 3232 654 3288 vis
674 3232 772 3303 exiget
790 3235 894 3310 odom,

467 3327 535 3390 Nou
553 3326 607 3401 ire,
625 3341 700 3398 quae
720 3324 854 3398 prooudit
873 3341 959 3384 enses
1001 3360 1004 3366 =
1039 3351 1044 3362 ·

516 3419 555 3475 Et
573 3417 694 3474 miseras
713 3415 844 3474 inimicat
862 3417 960 3473 urbes.

302 3551 304 3554 -
415 3511 493 3586 Non,
512 3509 563 3582 qui
580 3507 755 3582 profundum
772 3507 940 3565 Danubium
957 3502 1070 3580 bibunt,

417 3602 527 3659 Edicto
543 3601 869 3676 tempestuosum
887 3598 991 3671 Getae,

467 3691 534 3748 Non
552 3690 646 3767 Seres,
665 3690 783 3748 10110100
800 3689 907 3746 Persae

517 3783 583 3840 Non
601 3782 723 3848 Tanaim
740 3797 833 3857 prope
851 3783 960 3840 flumen
978 3780 1044 3840 orti.
