2782 4558
626 285 835 354 ..m-

238 449 375 524 suseepit'
391 447 607 523 expeditionem
624 465 652 508 a.
672 449 737 508 727.
774 451 927 510 Romansit
947 448 1048 510 tamen
1071 455 1105 512 iu
1122 441 1248 534 (11111111,

234 559 308 602 oum
325 543 470 600 Britanni
492 543 551 600 otri
574 549 674 602 moa
690 545 806 602 mittere
829 547 883 619 gur·
903 547 1133 617 paotmermrtur
1152 541 1228 624 (Dio

236 636 290 712 53,
309 630 387 712 22),
411 647 507 704 nequo
524 632 590 706 ipsa
609 633 704 704 Gallia
722 634 794 692 satis
813 638 892 692 esset
909 639 1022 710 potata.
1058 637 1144 696 Anno
1162 639 1229 702 728.

236 727 330 785 similo
361 723 424 796 ejus
455 724 618 782 masiliam·
636 728 702 782 orta
725 727 921 803 Salassorum,
956 728 1168 787 cantabrorum
1198 733 1244 786 et·

235 819 375 876 Astumm
392 815 550 873 rebellione
567 816 684 874 irritum
701 817 807 874 oeoidit
825 812 900 896 (Dio
916 819 966 895 53,
984 813 1134 901 211).Αά
1151 821 1229 877 huno

234 906 376 982 temporis
394 909 534 984 tractum,
553 917 648 980 neque
668 925 752 984 vero,
772 912 811 989 nt
824 909 980 966 commenti
999 914 1068 966 sunt
1085 911 1227 985 interpre-

235 1001 292 1076 tes,
311 999 349 1058 ad
366 1015 393 1056 a
414 998 478 1056 734.
497 999 627 1056 1111735.
647 999 793 1073 pertinere
812 1000 950 1058 videntur
968 1001 1119 1060 Strabonis
1137 1003 1227 1060 verba

234 1091 268 1148 ln
284 1090 350 1148 libr.
369 1089 417 1148 lv.
438 1105 502 1163 cap.
526 1089 554 1146 5.
573 1107 603 1164 p.
622 1091 703 1148 non:
740 1088 819 1148 Νυνὶ
841 1092 896 1166 μέν
919 1092 1051 1151 πατῶν
1075 1087 1227 1153 δυναστῶν

233 1199 310 1252 τινες
333 1180 393 1239 τῶν
417 1177 531 1238 αὐτόθι
553 1179 748 1260 πρεσβεύσων
769 1182 820 1238 καὶ
843 1181 1022 1262 θεραπείαις
1043 1193 1228 1242 ααταααεναἡ

234 1271 360 1348 triberos
383 1267 435 1344 τὴν
452 1267 531 1350 πρὸς
547 1270 690 1350 Καίσαρα
713 1268 765 1330 τὸν
787 1270 943 1348 Σεβαστὸν
966 1275 1082 1352 pellar,
1106 1273 1227 1347 ἀναθή-

233 1362 318 1440 ματά
343 1381 375 1421 τε
402 1361 550 1436 ἀνέθηκαν
573 1357 605 1420 ἐν
622 1359 668 1439 τῷ
683 1361 881 1440 Romulius,
908 1366 959 1424 rut
986 1363 1093 1424 οἰκείαν
1120 1359 1226 1442 σχεδὸν

234 1453 541 1534 παρεσκεύασανταῖς
556 1453 720 1530 Ῥωμαίοις
728 1451 799 1527 ὅλην
807 1451 859 1528 τὴν
874 1455 973 1528 νῆσαν.
993 1455 1028 1514 ol.
1040 1459 1158 1516 Passov.
1171 1458 1223 1516 vit.

233 1546 444 1605 1101219.-
466 1545 619 1604 Horatium
647 1549 745 1604 autem
771 1547 944 1620 intelligitur
969 1564 1029 1606 nou
1056 1549 1127 1608 alio:
1140 1548 1225 1606 laoile
1293 1534 1297 1540 ⁶

229 1643 364 1714 tempore
382 1638 439 1696 lroo
456 1653 574 1695 oarmen
591 1637 754 1714 scripsisse,
773 1654 860 1712 quam
878 1657 906 1696 a.
926 1641 989 1697 727.
1003 1640 1141 1716 1111728,
1160 1655 1234 1697 1111111Ι

233 1731 272 1790 ad
290 1732 454 1802 Augustum
470 1729 503 1785 in
522 1729 616 1786 Gallia
634 1733 859 1788 commorantem
883 1731 1016 1788 Britanni
1034 1733 1112 1790 ultro
1128 1731 1225 1788 misis·

233 1825 300 1880 sent
316 1824 437 1894 legatos.
475 1821 541 1887 Q'ua
559 1818 596 1877 de
614 1837 648 1878 re
666 1837 732 1878 oum
750 1821 871 1880 Romam
889 1824 1009 1880 nuntius
1033 1825 1161 1899 perlatus
1180 1839 1235 1880 es·
1254 1873 1258 1878 .

234 1917 290 1991 set,
307 1917 372 1976 ¹erat
389 1929 460 1970 sane
480 1911 558 1986 quod
576 1914 664 1986 poeta
681 1912 825 1988 Augusto,
846 1930 864 1970 a
883 1929 940 1986 quo
959 1915 1108 1989 perterriti
1125 1915 1224 1974 hostes

232 2021 335 2080 paoem
352 2005 522 2081 petiissent,
542 2002 669 2062 divinam
688 2021 758 2062 vere
776 2006 938 2082 potentiam
961 2007 1119 2082 tribueret,
1145 2021 1224 2062 eam·
1271 1997 1273 2000 ’

232 2112 290 2170 que
309 2113 347 2152 ex
365 2095 550 2170 expeditione
564 2097 705 2154 reducem
715 2114 734 2154 a
745 2095 888 2155 Romanis
902 2098 1041 2170 tanquam
1059 2097 1147 2152 deum
1165 2095 1224 2152 oul-

232 2187 357 2244 tamiri
380 2189 578 2258 auguraretur.
616 2189 679 2247 Neo
703 2190 779 2246 male
804 2189 959 2260 auguratus
985 2191 1038 2244 est.
1076 2187 1152 2244 Nam
1169 2186 1225 2244 im·

232 2281 394 2354 peratore.
420 2278 485 2336 730.
510 2279 619 2350 insigni
644 2281 773 2338 omnium
797 2281 992 2338 Romanorum
1017 2277 1114 2335 studio
1139 2293 1224 2354 exoa·

231 2373 300 2444 ptus
319 2373 350 2428 et
367 2369 517 2446 permultis
537 2371 632 2428 denuo
651 2371 810 2430 honoribus
829 2372 948 2430 effeetus
962 2371 1015 2428 est.
1034 2369 1224 2446 Tunoipsnm

231 2462 345 2534 legibus
365 2461 530 2522 solvebatur
549 2457 623 2543 (Dio
642 2465 689 2541 53,
709 2465 756 2523 26.
776 2458 897 2544 11128.)

192 2608 194 2614 ,
306 2555 371 2621 Quo
384 2553 451 2625 jure
470 2556 568 2611 eutem
585 2555 643 2612 isto
661 2559 793 2631 tempore
813 2556 979 2632 Britannos,
998 2555 1101 2612 eodem
1118 2554 1223 2612 Persas

231 2643 354 2720 imperio
373 2645 501 2718 adjectos
527 2645 610 2702 dixit.
631 2646 724 2703 ·Nam
744 2647 809 2718 jam
831 2663 858 2704 a.
884 2647 949 2704 725.
975 2647 1166 2715 Octavianus,
1189 2645 1224 2700 nt
1260 2664 1263 2669 ’

232 2736 348 2810 saepius
367 2735 503 2812 vidimus,
522 2737 657 2820 Parthica
675 2738 813 2808 attigerat
832 2741 863 2796 et
875 2742 1032 2814 propterea
1043 2737 1223 2796 tantamRo·

231 2841 383 2884 manorum
400 2827 508 2885 inierat
527 2829 660 2906 gratiam,
680 2831 849 2904 tantamque
869 2831 992 2902 gloriam
1009 2829 1130 2888 meritus
1149 2827 1222 2900 erat,

231 2921 265 2974 ut
289 2918 382 2976 divini
406 2919 532 2976 honores
557 2921 586 2976 ei
610 2919 835 2978 decernerentur
859 2915 936 3001 (Dio
959 2921 1011 2997 51,
1026 2915 1111 2998 ,21.).
1148 2917 1222 2974 Tum

232 3023 288 3081 par
316 3025 342 3066 a.
363 3009 427 3068 726.
457 3013 487 3066 et
515 3009 579 3067 727.
609 3010 718 3068 bellum
742 3012 919 3070 moliebatur
950 3013 1050 3068 eontra
1074 3009 1224 3084 Orientem

231 3102 262 3157 et
280 3099 353 3158 duos
372 3100 585 3174 oousoripserat
603 3102 768 3179 exereitus,
789 3119 911 3177 quorum
929 3101 1051 3160 alterum
1068 3100 1102 3160 in
1120 3099 1224 3158 Orien-

230 3193 290 3250 tem
314 3192 471 3268 missurus,
501 3190 624 3249 alterum
649 3193 714 3268 ipsa
739 3194 881 3252 duetmus
905 3196 969 3252 erat
987 3195 1089 3250 eontra
1107 3190 1224 3248 Britan·

229 3297 294 3342 nos.
335 3285 370 3342 ot
405 3283 451 3342 od.
480 3283 514 3360 l,
553 3283 599 3340 35.
640 3284 676 3360 3,
710 3286 737 3344 3.
786 3286 869 3344 Nihil
907 3282 1031 3358 impedit
1069 3281 1223 3356 quominus
1281 3340 1290 3355 ,
1380 3261 1381 3280 Χ

230 3374 304 3432 duas
337 3375 391 3434 has
422 3373 625 3450 expeditiones
651 3376 689 3433 ab
717 3377 839 3442 Horatio
869 3378 1019 3449 respeotas
1049 3379 1126 3430 esso·
1143 3368 1224 3429 arbi«.

229 3465 339 3522 tremur
363 3468 394 3522 et
417 3466 461 3522 ita
483 3468 649 3541 respectas,
680 3468 713 3522 ut
736 3467 964 3541 prosperrimum
988 3477 1086 3520 aarum
1110 3460 1223 3520 exitum

123 3543 126 3552 ’
175 3595 176 3602 1
230 3557 282 3612 aut
298 3555 464 3628 promiserit
483 3559 534 3612 aut
553 3556 670 3627 oognito
688 3573 747 3614 uno
773 3558 901 3616 alterove
925 3555 1004 3610 laeto
1027 3551 1138 3623 majore
1156 3552 1224 3626 qui-

230 3643 378 3717 damjurs
397 3643 451 3700 sed
467 3659 522 3717 pro
540 3631 693 3720 poetarum
716 3663 796 3704 more
822 3643 996 3719 depinxerit
1032 3644 1114 3704 Fieri
1133 3643 1222 3703 etiam

230 3737 334 3812 potuit,
355 3739 388 3794 ut
405 3749 522 3794 rumore
539 3736 637 3811 aliquo
656 3737 777 3796 Romam
795 3737 907 3812 perlate
919 3765 958 3780 -
971 3736 1035 3794 sire
1051 3747 1140 3795 veras
1159 3735 1222 3792 sivo

230 3828 319 3887 salsus
337 3827 393 3926 luit
410 3859 449 3872 -
467 3827 499 3887 in
517 3827 587 3888 talia
605 3827 749 3892 insiderit.
779 3829 853 3905 Quis
871 3831 962 3902 negot
980 3827 1058 3888 enim
1075 3829 1138 3886 tum
1155 3837 1224 3888 oum
1286 3867 1289 3872 ·
