2758 4544
641 269 642 278 ,

629 267 833 332 ...20-

238 433 457 510 quambreviter
463 431 545 509 dixit,
557 431 656 506 poesis
662 431 789 490 studium
795 433 826 490 et
831 423 957 488 amorem
970 432 1127 506 ,primum
1145 435 1222 492 exci-

236 526 321 602 tavit,
342 524 395 582 sed
411 522 443 582 id
454 527 566 581 tantum
578 521 682 599 effecit,
702 524 744 598 ut,
758 522 805 580 cui
819 523 876 580 arti
889 523 978 580 animi
990 539 1092 581 caussa
1109 525 1224 599 pridem

236 617 359 674 indulsit
377 615 528 691 privatim,
551 630 616 672 eam
629 613 691 684 jam
708 614 740 670 in
758 629 790 670 re
810 612 931 670 adversa
949 614 1056 684 maiore
1076 616 1173 672 studio
1192 619 1223 674 et

139 701 142 722 '
235 707 520 782 impensiore‘opera
537 705 633 779 palam
651 706 806 761 exerceret.
851 703 923 770 Quis
936 705 1014 761 enim
1026 722 1080 779 pro
1091 707 1221 780 ipsorum

236 798 465 856 rudimentorum
487 787 611 852 ¹artifieio
635 794 790 852 uerisimile
816 794 893 852 dicat
914 799 964 852 aut
982 795 1098 866 ingenio
1116 801 1221 871 poetae

236 889 369 964 dignum,
389 888 415 945 si
435 887 620 944 statuerimus
645 901 711 942 eum
730 887 792 943 tum
810 886 934 959 primum
952 889 1087 962 poemata
1105 887 1221 963 fecisse,

235 995 322 1052 quem
346 978 384 1035 ad
408 978 511 1051 poesin
535 980 595 1034 tam
615 977 772 1051 proclivem
790 976 879 1033 fuisse
898 979 984 1052 atque
1003 976 1035 1034 in
1058 979 1154 1052 poetis
1178 979 1222 1034 ita

234 1069 383 1128 habitasse
407 1069 556 1144 novimus,
576 1070 609 1124 ut
626 1069 673 1124 vel
692 1081 810 1138 paucos
825 1084 926 1125 versus
945 1062 1078 1130 funderet
1096 1063 1171 1150 (Sat.
1193 1069 1221 1144 1,

234 1161 278 1218 10.
292 1154 371 1240 ab),
391 1176 456 1216 eum
464 1160 594 1217 Romana
606 1159 740 1216 utebatur
758 1155 931 1232 disciplinari
966 1161 1066 1238 Quare
1084 1163 1115 1216 et
1126 1160 1222 1216 Plauti
1291 1157 1294 1165 '

231 1252 304 1310 illud
328 1245 432 1330 (Stich.
455 1251 487 1326 1,
507 1251 533 1306 3.
554 1245 633 1331 24.):
654 1250 831 1326 „Paupertas
856 1267 956 1307 omnes
981 1254 1058 1307 artes
1083 1251 1221 1325 perdocet

231 1341 283 1400 ubi
301 1357 388 1416 quem
406 1339 560 1417 attingit,“
580 1342 610 1396 et
629 1341 706 1413 quod
718 1342 827 1398 Seneca
840 1340 910 1398 dicit
922 1335 1022 1422 (epist.¹
1037 1337 1099 1422 15.)
1119 1341 1219 1418 „Quos

230 1449 307 1492 nova
335 1427 455 1489 artificia
484 1433 575 1488 fames
607 1418 742 1508 docuit‚“
774 1435 804 1488 et
832 1432 858 1488 si
889 1449 945 1506 qua
979 1433 1036 1489 alia
1063 1433 1221 1490 afferuntur
1274 1455 1277 1466 ¹
1358 1425 1359 1440 *

231 1519 274 1602 (v.
294 1503 452 1580 Missenio.
466 1521 504 1578 aa
517 1521 563 1578 oc.
577 1523 606 1598 a,
625 1522 671 1578 24.
684 1523 729 1579 42.
750 1523 933 1580 scamna-aa
951 1515 1035 1597 episc.
1055 1523 1084 1600 2,
1104 1523 1131 1579 2.
1145 1518 1218 1605 su),

229 1615 272 1679 ita
290 1617 402 1671 tantum
420 1613 451 1670 in
468 1613 583 1672 Horatii
601 1616 802 1687 paupertatem
823 1615 929 1671 cadunt
942 1608 1004 1695 ⁵¹),
1024 1616 1164 1688 quatenus
1184 1631 1219 1670 ea

229 1704 268 1765 ad
291 1721 397 1762 novam
421 1702 455 1761 et‘
476 1703 650 1774 singularem
673 1704 771 1777 poesis
798 1705 924 1778 speeiem
954 1706 1160 1779 procreandam
1189 1707 1219 1760 et

228 1793 461 1870 conformandam
480 1793 644 1876 compulsus
663 1798 693 1851 et
706 1795 869 1867 stimulatus
882 1799 936 1853 est.
974 1795 1020 1854 Ita
1036 1799 1138 1870 sponte
1152 1811 1217 1870 per-

226 1888 358 1945 venimus
382 1884 421 1942 ad
444 1885 587 1958 primitias
614 1887 790 1955 Horatianus
818 1887 924 1960 poesis.
967 1888 1100 1961 Abrupta
1129 1888 1219 1958 igitur
1296 1943 1312 1977 „-

226 1979 305 2047 ritae
330 1978 384 2034 iilo
408 1975 486 2048 quod
509 1977 642 2032 nevimus
671 1977 807 2034 continuo
830 1977 862 2033 in
890 1977 984 2050 ipsam
1014 1977 1216 2051 disputationis

226 2085 323 2126 arcem
338 2057 518 2123 invadamus.
557 2067 622 2132 Qua
633 2067 664 2122 in
681 2084 713 2123 re
726 2084 791 2124 eum
802 2068 901 2143 multa,
922 2084 995 2140 quae
1014 2067 1089 2123 iufra
1101 2067 1216 2123 demum

200 2157 439 2233 probabuntur,
476 2161 738 2231 praeoccupaturus
770 2159 841 2234 sim,
877 2157 1049 2214 benevolum
1078 2157 1216 2214 lectorem

225 2249 367 2306 monitum
384 2250 573 2321 rogatumque
598 2249 706 2326 uelim,
725 2250 774 2327 ut,
800 2252 955 2321 antequam
973 2249 1133 2306 commenta
1154 2265 1227 2304 cre·-

225 2343 292 2416 pet,
312 2354 385 2412 quaa
401 2328 489 2409 iustis
507 2340 539 2395 in
561 2337 658 2413 priore
683 2343 766 2414 parte
784 2339 924 2396 destituta
943 2340 1016 2397 sunt'
1027 2338 1213 2416 argumentis,
1299 2348 1303 2355 ‘
1358 2365 1359 2416 3

225 2427 346 2495 alteram
364 2429 508 2508 inspicere
526 2445 564 2487 na
584 2429 763 2504 dedignetur.
845 2445 847 2450 ·

290 2641 336 2704 52)
353 2639 504 2704 supersedeo
527 2657 609 2691 eorum
625 2643 776 2705 opinationes
799 2643 920 2702 refutare,
947 2644 987 2706 qui
1003 2641 1141 2703 Horatium,
1171 2647 1214 2691 aut
1274 2651 1277 2662 ¹

222 2708 250 2753 ut
266 2707 342 2755 vitam
359 2711 507 2757 sustentaret
523 2712 566 2756 aut
582 2713 609 2757 ut
625 2710 787 2759 innotesceret
804 2715 829 2760 et
845 2712 1014 2774 inpotentium
1026 2711 1144 2760 homiuum
1154 2724 1213 2771 gra-

222 2772 280 2821 tiam
297 2787 324 2821 se
340 2773 480 2834 insinuaret,
496 2775 598 2838 primum
612 2787 700 2826 versus
717 2777 805 2827 fecisse
822 2779 868 2827 sibl
885 2782 1064 2841 persuaserunt.
1094 2775 1213 2824 Neutrum

202 2873 208 2882 .
221 2837 276 2887 leri
292 2840 376 2902 potuit*
387 2843 481 2890 acerbis
497 2842 544 2890 illis
557 2846 582 2891 et
594 2845 771 2894 contumeliosis
783 2846 910 2908 poematis,
926 2845 1011 2906 quibus
1019 2846 1115 2890 tautum
1126 2843 1213 2892 aberat

221 2907 249 2952 ut
264 2903 365 2954 divitias
382 2908 528 2969 aliorumque
544 2909 652 2974 lavarem
671 2912 717 2958 sibi
735 2913 897 2972 compararet,
914 2912 942 2956 ut
958 2908 1109 2966 inimicitias,
1127 2906 1211 2953 simul-

220 2971 301 3028 tates,
330 2971 394 3018 odia.
437 2971 471 3020 Et
488 2987 540 3020 cum
557 2988 602 3022 nec
618 2975 649 3022 de
666 2977 789 3023 Sosiorum
812 2975 925 3036 praemiis
943 2973 988 3026 illa
1005 2976 1093 3036 aetate
1109 2971 1211 3034 cogitari

220 3035 299 3097 possit
315 3034 435 3095 (Passor.
458 3038 502 3085 vlt.
519 3040 569 3085 not.
587 3038 644 3087 104.
661 3053 685 3101 p.
702 3041 769 3102 tii),
786 3053 832 3088 nec
848 3040 941 3088 omnino
958 3037 1074 3085 Horatius
1091 3037 1121 3086 ab
1140 3037 1210 3084 initio

220 3103 333 3163 poemata
347 3101 437 3164 publici
451 3103 515 3164 juris
532 3103 613 3150 lacere
629 3106 733 3153 uoluerit
750 3107 820 3164 (Sat.
837 3105 862 3165 1,
879 3106 903 3156 4.
921 3105 996 3167 71.),
1013 3104 1079 3167 prior
1094 3105 1135 3151 illa
1151 3116 1209 3151 sen-

168 3175 174 3184 ‘
220 3167 298 3214 tentia
314 3181 345 3214 ne
356 3167 429 3216 hilum
445 3167 540 3230 quidem
556 3171 733 3231 probabilitatis
750 3171 831 3220 babet.
865 3171 915 3219 Sed
927 3171 1005 3219 altera
1016 3184 1122 3233 quoque,
1140 3183 1210 3232 quam

219 3233 284 3282 inter
304 3233 365 3283 allos
387 3234 518 3283 Weicbert.
540 3249 564 3297 p.
587 3250 606 3283 r.
623 3249 679 3299 pag.
697 3238 754 3287 loa.
778 3238 810 3286 de
825 3236 884 3286 Var.
908 3242 933 3286 et
950 3238 1020 3286 Cass.
1043 3251 1066 3298 p.
1084 3238 1123 3287 aa.
1140 3235 1165 3298 S.
1183 3237 1208 3285 ⁷.

219 3298 289 3349 Pus.
306 3301 352 3350 vlt.
368 3304 418 3348 not.
430 3300 487 3351 104.
505 3303 530 3350 et
541 3301 635 3350 Grates.
647 3319 671 3365 p.
684 3303 742 3354 loa.
760 3305 785 3353 b.
802 3304 997 3363 uuamleeernnt,
1014 3303 1087 3364 digna
1098 3305 1136 3351 est
1147 3300 1208 3364 quae

218 3365 333 3416 obbviuui
349 3364 427 3416 detur.
450 3368 511 3418 Rem
527 3381 573 3416 acu
589 3369 672 3431 tetigit
687 3369 813 3422 Kirobner.
829 3372 854 3419 iu
871 3374 965 3433 quaest.
981 3386 1005 3433 p.
1021 3369 1054 3418 15
1062 3385 1102 3438 ¹sq.
1113 3371 1162 3417 not.
1174 3368 1208 3428 4.,
1269 3402 1273 3415 .

220 3432 288 3506 cuins
303 3437 440 3483 recuruum
456 3433 644 3499 disputationem
659 3436 749 3500 legisse
765 3438 900 3500 poenitebit
916 3437 1042 3486 nerninem.
