2758 4544
625 331 667 343 ..
707 295 750 362 gc
779 284 864 342 ’.-’

140 453 154 482 ’
235 434 386 521 eonsilium
410 461 559 536 scriptoris
584 461 614 515 et
638 463 760 518 tractata
778 454 971 545 materiafl).
994 463 1076 536 'Item
1094 463 1224 538 epilogufl

234 553 342 628 triplex
367 569 431 610 esse
458 553 562 627 potest.
601 551 661 608 Ant
688 552 764 608 enim
790 551 986 611 defensionem
1012 545 1105 612 libelli
1132 557 1224 612 conti·

186 659 188 664 ·
233 646 285 701 net
298 637 359 726 ¹⁸),
385 646 435 700 aut
459 644 578 700 brevem
601 641 678 698 vitae
704 641 950 701 adumbrationem
966 639 1027 725 ι’),
1053 647 1103 702 eut
1127 661 1224 702 merae

234 735 377 794 clausulae
403 738 434 791 et
458 731 635 809 perorationi
658 733 846 814 inservit20).
886 735 943 792 Sed
967 735 1064 792 variae
1083 735 1139 792 hae
1157 732 1223 810 pro‘·

156 846 158 854 ·
233 827 392 884 cemio'nnm
417 826 448 881 et
472 825 651 901 epilogorum
676 825 788 898 species
812 827 925 883 tantum
950 827 1033 884 abest
1057 829 1090 882 ut
1115 830 1224 884 certam
1332 903 1334 906 Ι

233 917 358 991 aliquam
383 932 494 989 usuque
521 917 660 972 sancitam
685 918 805 972 formam
823 917 964 995 habeant,
990 907 1119 974 utnulla
1136 918 1223 990 plane

232 1005 296 1079 lege
316 1008 472 1064 adstrictae
492 1006 718 1064 diversissimam
731 1015 872 1082 quamque
884 1009 1006 1065 induant
1025 1011 1055 1065 et
1073 1025 1126 1081 pro
1145 1009 1222 1066 arbi·

177 1098 181 1111 ’
231 1099 309 1154 trata
328 1100 359 1154 et
378 1099 498 1155 consilio
517 1101 621 1171 poetae
640 1101 877 1156 conformentur.»
900 1101 985 1166 Quod
1003 1099 1078 1156 bene
1092 1099 1154 1170 jam
1172 1116 1239 1158 ves.

222 1191 279 1246 ‘tus
297 1189 414 1246 Senot.
433 1185 580 1270 Pcmbyn.
594 1189 743 1246 annotavit
756 1190 898 1264 adepist.
907 1192 940 1269 1,
954 1191 999 1246 20.
1013 1190 1074 1247 his:
1094 1191 1222 1267 „Mirum

231 1281 277 1336 est
302 1279 377 1336 hane
401 1279 577 1336 locutionem
601 1279 679 1337 inter
705 1281 842 1354 epistolas
867 1283 952 1360 poni,
981 1298 1047 1338 cum
1068 1281 1222 1354 nequead

112 1360 115 1366 ’
231 1369 381 1426 absentem
404 1385 499 1444 neque
525 1371 562 1426 ad
587 1375 770 1444 praesentem
795 1373 941 1430 hominem
966 1369 1073 1445 scripta
1092 1373 1145 1448 sit,
1163 1371 1222 1428 nisi

231 1461 299 1538 quia
317 1465 466 1535 receptum
490 1465 535 1518 est
559 1464 588 1518 et
611 1466 762 1536 principia
786 1467 816 1521 et
837 1463 970 1535 sinesin
988 1463 1120 1520 omnibus
1137 1461 1221 1519 libris

229 1553 346 1627 nulllus
370 1557 444 1626 lepis
466 1550 606 1624 parmula
631 1559 783 1612 contineri.
821 1556 905 1612 Unde
924 1556 966 1613 sic
984 1557 1098 1612 Lucret.
1117 1550 1223 1628 incipit

160 1677 163 1690 ι
229 1644 353 1719 primum
381 1643 541 1718 Epicureae
569 1648 665 1701 sectae
691 1646 816 1722 librum,
853 1647 894 1704 sic
923 1647 1059 1724 Virgilius
1088 1648 1221 1718 quartum
1246 1645 1248 1649 ’

230 1735 467 1810 Georgicorum.”
502 1735 627 1792 Proinde
652 1752 711 1793 non
736 1754 771 1794 ea
794 1741 907 1794 tantum
930 1740 1065 1812 poemata
1084 1731 1136 1792 'vel
1154 1751 1221 1809 pro·

228 1827 323 1884 oemia
346 1827 394 1883 vel
419 1825 526 1900 epilogi
551 1826 686 1884 habenda
711 1832 793 1905 sunt,
828 1845 902 1903 quae
927 1833 988 1886 tota
1013 1828 1220 1903 compositione

228 1915 305 1974 huuc
323 1918 419 1990 ipsum
438 1917 524 1973 finem
543 1920 643 1990 aperte
663 1934 732 1992 prae
753 1937 784 1976 se
804 1922 915 1995 lerunt,
935 1923 968 1976 ut
986 1923 1056 1977 Hor.
1076 1920 1122 1975 od.
1144 1920 1170 1995 1,
1192 1918 1218 1975 l.

227 2005 262 2084 3,
282 2009 327 2064 30.
348 2009 433 2081 epist.
455 2007 488 2082 1,
507 2007 572 2084 20,
603 2009 655 2064 sed
675 2025 710 2066 ea
729 2010 832 2085 etiam,
851 2012 883 2066 in
902 2011 1005 2084 quibus
1024 2010 1102 2065 idem
1114 2013 1219 2082 poetae

228 2099 378 2156 consilium
397 2099 501 2155 tectius
520 2099 611 2155 veluti
636 2099 784 2156 involucro
809 2099 993 2157 obscuratum
1011 2100 1090 2156 latet.
1129 2099 1218 2169 Cujus

227 2189 341 2261 generis
366 2206 485 2263 prorsus
510 2189 637 2260 insignia
662 2193 730 2246 sunt
755 2192 887 2264 exempla
911 2191 988 2263 apud
1012 2191 1108 2264 ipsum
1126 2191 1218 2246 Hora·

226 2281 299 2338 tium
318 2280 363 2337 od.
385 2281 419 2356 4,
441 2282 465 2336 l.
487 2283 516 2336 et
536 2281 570 2356 4,
597 2280 641 2337 15.
663 2284 716 2337 sat.
736 2280 771 2356 2,
793 2282 818 2338 l.
839 2283 870 2338 et
888 2282 971 2354 epist.
993 2281 1026 2356 1,
1047 2280 1073 2338 1.
1113 2281 1218 2348 Quale·

72 2431 74 2436 .
112 2361 120 2380 N
227 2386 338 2446 cunque
366 2372 454 2444 igitur
479 2371 511 2427 in
530 2371 672 2441 ejusmodi
690 2373 831 2446 poematis
851 2374 1050 2443 argumentum
1068 2375 1217 2448 tractatur,

106 2472 108 2475 ’
225 2464 311 2520 modo
335 2479 372 2520 ne
397 2464 483 2537 plane
510 2479 527 2518 a
551 2463 608 2518 fine
633 2462 802 2540 abhorreat,
830 2466 929 2546 aptum
943 2463 1132 2534 judicandum
1151 2463 1217 2538 erit,

226 2569 283 2628 quo
295 2558 382 2629 poeta
400 2557 450 2612 aut
460 2553 576 2624 justum
594 2553 669 2611 libro
682 2555 861 2628 prooemium
873 2555 1039 2628 praefixerit
1048 2559 1099 2612 aut
1108 2555 1218 2612 exitum

147 2718 151 2725 1
226 2645 421 2718 subnexuerit.
462 2643 547 2710 Quod
566 2646 666 2701 statim
686 2647 764 2702 cadit
782 2648 814 2702 in
833 2648 952 2704 satiram
963 2647 993 2704 -l.
1013 2647 1143 2720 primam.
1181 2645 1217 2702 In

226 2751 283 2812 qua
296 2733 414 2792 ‘etiamsi
432 2751 492 2791 non
511 2735 619 2792 diserte
644 2741 747 2815 poeta,
773 2737 851 2812 quod
874 2738 971 2795 inesse
990 2738 1091 2795 velletr
1118 2733 1215 2812 „ling

225 2826 394 2902 Maecenas,
420 2826 496 2883 hunc
520 2826 650 2884 libellum
675 2829 839 2886 dedicatum
858 2831 1112 2901 consecratumque
1130 2825 1216 2882 volo''

197 2905 200 2920 ⁴
226 2916 442 2986 significaveritt'
467 2919 566 2972 tamen
587 2921 620 2972 et
644 2919 779 2973 materies
799 2918 980 2973 attrectatio
999 2915 1215 2990 ejusmodiest,

225 3005 287 3076 ejus
305 3008 339 3060 ut
357 3006 602 3068 eonsilium'clere
618 3009 764 3078 appareat.
803 3007 1013 3076 Argumentum
1030 3007 1088 3062 tale
1107 3008 1163 3081 est,
1181 3007 1215 3061 ut

224 3097 334 3157 nullum
352 3096 480 3169 potuerit
498 3095 646 3168 prooemio
666 3093 761 3167 aptius
782 3094 858 3164 eligi.
897 3097 1009 3153 luctam
1032 3099 1120 3170 poeta
1144 3113 1213 3170 poe-

225 3185 272 3243 sin
295 3201 385 3243 suam.
425 3185 514 3257 Cujus
533 3201 598 3242 eum
616 3183 727 3249 indoles
747 3185 778 3242 in
803 3201 838 3242 eo
864 3187 920 3246 sita
947 3187 1001 3264 sit,
1026 3191 1060 3245 ut
1077 3189 1214 3262 perversa

167 3503 170 3509 ¹
290 3445 334 3510 lt)
350 3447 461 3508 Propert.
478 3448 507 3508 8,
524 3447 549 3497 1.
566 3447 624 3494 Hor.
642 3447 695 3501 Sat.
712 3450 740 3508 8,
757 3449 782 3498 1.

287 3527 460 3592 18)Properl.
478 3531 567 3589 8,.80.
586 3529 657 3578 Ovid.
674 3530 754 3580 Amor.
771 3530 801 3590 1,
819 3532 860 3580 1³.
877 3531 936 3580 Hor.
953 3531 1009 3579 Sat.
1025 3528 1113 3589 1„1c.

287 3609 336 3674 la)
349 3611 460 3674 Propert.
483 3611 511 3672 l,
535 3611 575 3660 88.
597 3611 665 3674 Vllg.
691 3613 781 3675 Georg.
804 3613 833 3672 4,
850 3613 908 3663 568.
936 3611 1210 3672 odc.nuor.s‚-1a.

184 3699 185 3710 ¹
221 3678 305 3728 Horat.
322 3679 392 3740 epist.
410 3678 437 3738 1,
454 3679 495 3728 80.

287 3760 333 3824 ao)
349 3760 420 3810 cvra
436 3773 531 3810 snam.
549 3760 578 3819 1,
595 3760 651 3810 ⁷⁷1.
668 3761 698 3826 a,
716 3763 766 3811 rsa
782 3777 818 3825 sq.
835 3764 859 3822 a,
875 3763 924 3813 eos
936 3778 972 3825 sq.
984 3739 1082 3812 neum.
1094 3761 1135 3822 rs,
1151 3760 1208 3812 sm.

118 3873 123 3888 .
212 3819 287 3881 Μ.
303 3823 332 3886 l,
350 3827 399 3878 788
415 3841 450 3892 sq.
467 3825 552 3890 Vir-gil.
569 3827 593 3874 ln
611 3826 714 3890 Georg„
731 3827 816 3877 Horat.
835 3829 905 3892 epist
923 3827 951 3888 l,
969 3829 1009 3879 80.
1026 3827 1066 3878 cd.
1082 3831 1107 3888 8,,
1123 3828 1164 3876 80.
1207 3842 1212 3866 1
